3190 4882
679 435 891 536 -31'-

249 645 380 710 Plinius.
433 642 511 708 Inde
543 662 615 709 cum
645 642 740 708 Plinii
770 642 898 723 quidem
927 642 1064 708 relatum
1096 641 1150 706 alii
1180 647 1326 708 auctores

250 747 351 826 (uelut
373 746 464 811 Diod.
487 745 517 810 V
540 748 591 826 64,
613 747 649 827 5)
678 745 812 826 probent
841 763 942 826 neque
972 744 1035 810 ullo
1067 753 1234 827 praeterea
1257 744 1324 810 loco

250 849 374 930 Dactyli
399 848 504 931 Cypro
528 848 649 912 insulae
679 846 866 928 inferantur,
899 848 963 911 iem
995 847 1145 912 Potterus
1167 848 1207 911 de
1229 848 1325 913 corri-

249 953 353 1035 genda
369 952 462 1033 ‘apud
485 950 582 1016 Clem.
595 951 627 1030 ¹)
658 949 816 1030 scriptura
837 949 1001 1032 cogitauit.
1047 951 1090 1013 At
1121 949 1326 1014 uerisimilius

252 1053 329 1118 mihi
357 1054 486 1120 uidetur
515 1053 574 1118 sub
606 1050 639 1116 ἐν
662 1047 791 1137 Κύπρῳ
822 1054 981 1133 scriptura
1012 1051 1183 1133 uestigium
1215 1053 1324 1131 latere,

248 1174 311 1238 quo
332 1155 493 1220 indicetur
515 1156 545 1220 in
569 1156 721 1237 prImcrio
744 1154 840 1220 Clem.
863 1153 951 1220 tonte
973 1155 1178 1236 copiosiorem
1202 1154 1324 1219 enhibi·

249 1263 316 1323 tam
331 1258 431 1324 fuisse
446 1259 659 1324 narrationem
675 1259 715 1322 de
733 1257 932 1322 metallorum
948 1257 1176 1322 incentoribus.
1200 1255 1323 1338 Cyprus

249 1363 330 1427 enim
355 1362 459 1426 insula
480 1360 676 1443 persaepe²l
708 1361 791 1424 acris
819 1359 1015 1425 feracissima
1046 1360 1215 1438 laudatur,
1249 1360 1322 1441 quin

248 1464 326 1530 Plin.
352 1485 381 1528 n.
405 1465 435 1529 ln.
457 1463 592 1528 XXXIV
615 1463 635 1526 2
658 1464 696 1526 al.
721 1463 765 1527 ibi
788 1463 943 1544 „prImem
974 1463 1059 1529 aeris
1088 1463 1323 1527 inuentionem“

247 1567 364 1633 tactam
388 1585 456 1632 esse
471 1565 631 1646 referunt3
654 1567 770 1631 deinde
793 1566 906 1631 Strabo
921 1565 997 1630 XIV
1019 1567 1084 1644 at
1107 1565 1323 1646 ‚‚(Telchines)

247 1667 367 1748 ἐλθεῖν,
398 1669 455 1749 ait,
489 1665 525 1732 ἐκ
558 1663 688 1754 Κρήτης
718 1663 766 1744 εἰς
806 1663 983 1751 Κύπρον
1012 1671 1161 1754 πρῶτον,
1191 1659 1248 1732 εἶτ’
1277 1663 1325 1742 εἰς

243 1766 369 1836 Ῥόδον·
392 1766 543 1858 πρώτους
564 1765 592 1834 d'
624 1766 831 1856 ἐργάσασθαι
861 1765 994 1856 σίδηρόν
1024 1793 1060 1833 ce
1089 1768 1146 1834 καὶ
1173 1765 1324 1849 χαλκόν.“

248 1874 372 1950 Quibus
394 1873 583 1939 testimoniis
613 1871 749 1938 efficitur
781 1873 814 1937 ln
835 1874 985 1955 primario
1007 1871 1094 1938 fonte
1117 1872 1214 1955 Cypri
1237 1892 1323 1936 men-

252 1979 367 2041 tionem
390 1977 531 2056 potuIsse
552 1973 629 2039 fieri.
675 1974 898 2054 compilatoris
927 1974 1027 2055 igitur
1048 1975 1180 2040 leuitate
1202 1977 1322 2040 iudica-

249 2080 352 2144 bimus
379 2078 590 2143 narrationem
624 2096 692 2142 esse
724 2079 922 2156 decurtatam
951 2083 1047 2160 atque
1076 2079 1124 2142 ita
1151 2075 1323 2154 confusam,

244 2190 281 2247 ut
306 2181 402 2264 Cypri
426 2199 536 2245 nomen
559 2181 676 2246 iniuria
692 2199 767 2268 ⁸cum
791 2179 935 2262 Dactylis
957 2182 1208 2262 coniungeretor.

331 2285 475 2366 Namque
506 2285 536 2347 in
568 2283 638 2348 eills
670 2285 766 2348 etiam
798 2285 883 2363 apud
906 2283 1043 2350 Plinium
1074 2290 1107 2349 et
1129 2283 1322 2350 Clementem

249 2387 394 2452 narratio
425 2386 556 2451 fontium
587 2386 714 2450 diuerso
744 2386 837 2451 modo
867 2385 1017 2451 mutilata
1038 2387 1163 2468 legitur.
1208 2386 1324 2453 Celmis

253 2490 335 2554 enlm
369 2495 402 2553 et
432 2488 696 2568 Damnamoneus,
727 2488 933 2570 Dactylorum
956 2491 1091 2569 nomina,
1122 2509 1203 2572 quae
1227 2489 1323 2556 Clcm.

250 2592 269 2672 ξ
292 2591 332 2656 16
353 2592 463 2670 tradit,
485 2591 708 2655 desiderantur
730 2592 816 2671 apud
848 2591 998 2672 Plinium3
1029 2593 1069 2657 ab
1101 2592 1202 2658 altera
1233 2601 1325 2673 parte

250 2711 329 2773 eom,
351 2696 405 2776 qui
427 2694 512 2775 apud
535 2693 615 2757 Plin.
631 2693 739 2775 Lydus
756 2692 889 2775 Scythes
911 2695 1011 2773 audit,
1034 2694 1178 2760 Clemens
1201 2695 1323 2775 simpli-

250 2797 328 2862 citer
352 2791 482 2880 Σκύθην
503 2795 656 2877 appellet,
686 2797 770 2878 quod
803 2814 916 2861 nomen
945 2798 1107 2878 proprium
1130 2797 1322 2863 intellexisse

208 2915 210 2919 ·
247 2900 375 2964 uidetur
407 2898 461 2980 (ci.
483 2919 514 2980 p.
536 2898 580 2963 30
611 2901 684 2962 adn.
706 2900 751 2982 2).
805 2898 904 2964 Porro
939 2899 1061 2978 Delam,
1094 2900 1178 2981 qnod
1211 2917 1322 2965 nomen

247 3010 376 3083 praeter
397 3001 455 3067 hos
478 3003 562 3067 locos
594 3001 718 3066 omnino
751 3020 810 3065 non
841 3003 1009 3082 reperitur,
1033 3001 1176 3067 Clemens
1194 2994 1324 3083 Ἰδαῖον,

247 3104 369 3170 Plinius
391 3104 599 3186 Phrygem
624 3101 798 3184 significat:
833 3121 1011 3184 quenquam
1042 3105 1073 3168 in
1104 3106 1163 3170 hoc
1195 3106 1321 3188 quidem

251 3225 314 3271 non
336 3207 541 3286 haesitamus,
573 3215 680 3271 tamen
703 3207 807 3270 nescio
838 3225 878 3270 an
901 3207 951 3272 cui
982 3207 1164 3288 scrupulum
1186 3214 1323 3289 moueat,

251 3309 336 3389 quod
358 3309 461 3373 altera
484 3309 738 3374 narratiunculae
761 3314 853 3390 parte
877 3345 919 3355 —
942 3309 1138 3376 sicutmodo
1161 3313 1323 3377 internos

250 3413 395 3477 conuenit
427 3448 465 3456 —
499 3411 585 3477 Idaei
615 3411 735 3476 ferrum
766 3414 796 3476 in
821 3411 947 3478 Creta
976 3413 1134 3479 inuenisse
1164 3415 1322 3479 dicontur.

249 3518 293 3579 At
314 3517 373 3580 hoo
397 3513 532 3596 catalogi
554 3516 724 3580 frustulum
741 3514 852 3596 (Clem.
868 3515 887 3597 ξ
904 3516 958 3598 16)
980 3515 1130 3598 Hesiodo,
1152 3518 1231 3583 illud
1247 3535 1321 3582 uero

249 3862 273 3917 E
328 3777 365 3918 li)
388 3775 476 3849 Apud
509 3775 597 3834 Clem.
620 3775 679 3834 iam
702 3776 771 3835 olim
794 3777 944 3838 exstitisse
974 3774 1006 3835 ἐν
1030 3774 1144 3860 Κύπρῳ
1167 3777 1322 3837 confirmat

275 3881 326 3919 use
348 3880 403 3918 rus.

333 3945 366 4022 2)
389 3947 432 4006 ef.
448 3945 606 4004 StrabllI
630 3952 657 4018 4,
685 3952 737 4018 153
760 3947 835 4008 XIV
859 3953 886 4020 6,
904 3953 939 4019 53
961 3951 1044 4008 Seru.
1070 3949 1156 4023 Verg.
1180 3952 1256 4008 Aen.
1271 3951 1320 4008 III

251 4035 328 4103 1115
352 4032 428 4090 Plin.
451 4031 652 4109 compluribus
673 4032 755 4092 locis.
