3184 4886
670 397 882 465 ..69-

235 564 319 632 niam
343 586 417 632 uero
439 568 524 654 apud
549 567 628 635 Plin.
652 569 749 634 Thasi
771 571 948 636 inuentoris
969 588 1079 635 nomen
1110 570 1312 653 recuperaui-

236 689 314 750 mus,
346 671 441 735 etiam
472 672 557 753 apud
588 671 670 756 Hyg.
694 673 815 754 „Taso“
845 682 1024 755 corruptam
1056 675 1246 755 scripturam
1279 676 1309 738 in

237 774 397 862 „Thasos‘f
420 776 631 840 emendemus.
666 774 756 840 Unde
779 775 916 842 efficitur
930 776 963 840 in
986 777 1102 858 uerbis,
1125 795 1207 859 quae
1223 781 1311 840 ante·

236 877 362 956 cedunt,
385 876 528 941 lacunam
546 877 643 957 hiare,
666 896 749 956 nam,
771 879 803 943 id
827 880 988 960 quodiam
1008 897 1105 960 supra
1127 876 1311 959 significatui,

235 979 384 1044 montis
406 999 518 1045 nomen
542 980 702 1061 quoddam
726 981 937 1046 desideratur.
969 981 1059 1058 Quod
1075 981 1169 1048 Plinii
1193 985 1226 1044 et
1242 979 1311 1045 Ole-

234 1082 349 1148 mentis
380 1082 399 1147 l.
423 1083 442 1147 l.
465 1083 697 1164 suppeditatur.
743 1086 848 1167 Atque
877 1086 1130 1167 quandoquidem
1162 1082 1312 1149 librarius

236 1185 392 1250 nominum
426 1185 633 1251 similitudine
672 1187 824 1268 deceptus
857 1186 1005 1253 facillime
1035 1186 1186 1252 nonnulla
1216 1184 1313 1250 uerba

235 1286 411 1353 transsilire
426 1287 540 1370 potuit,
564 1288 699 1354 Plinium
720 1289 975 1372 clementemque
990 1296 1118 1356 secutus
1133 1289 1312 1371 supplenda

235 1408 346 1456 censeo
368 1390 462 1456 haec:
494 1389 543 1470 „in
575 1391 745 1473 Panchaia,
776 1391 926 1476 <Cadmus
956 1400 1062 1458 autem
1090 1389 1249 1475 Pangaeo>
1280 1392 1310 1454 in

234 1493 370 1559 monte“.
414 1481 571 1572 „Autem“
605 1493 761 1574 particula
784 1494 866 1560 enim
898 1493 930 1558 in
960 1495 1106 1578 catalogo
1128 1493 1309 1576 Hyginiano

234 1596 362 1677 saepius
385 1600 566 1677 usurpatur,
590 1606 626 1660 ut
648 1596 821 1677 compluria
837 1596 1021 1662 heuremata
1042 1599 1194 1663 adunam
1211 1602 1311 1661 mate-

235 1699 312 1763 riem
350 1699 528 1780 spectantia
565 1703 787 1764 conectantur:
823 1700 861 1782 §§
891 1699 972 1765 23.
999 1699 1311 1778 1121311311

235 1800 342 1867 licebit
364 1819 441 1866 uero
463 1801 559 1866 etiam
583 1802 720 1866 scribere
742 1801 809 1866 siue
833 1807 888 1884 ,nt
909 1801 966 1867 alii
981 1803 1109 1867 dicunt*
1133 1802 1186 1883 (cf.
1203 1801 1310 1884 5311)
1430 1791 1436 1806 ⁸

235 1904 303 1969 siue
326 1905 433 1985 „aut“,
456 1922 535 1984 quas
558 1904 793 1970 coniunctiones
809 1903 929 1969 Plinius
951 1905 983 1969 in
999 1904 1143 1986 catalogo
1158 1904 1312 1969 adhibere

233 2007 322 2072 solet.
367 2007 478 2089 Neque
500 2007 702 2089 impugnabo,
725 2008 751 2071 si
768 2007 838 2088 quis
853 2007 966 2072 Cadmi
989 2008 1105 2071 nomini
1129 2006 1309 2088 „Phoenix“

235 2109 428 2191 gentilicium
453 2110 571 2192 addet,
584 2110 668 2175 siout
689 2110 775 2191 apud
791 2109 871 2175 Plin.
888 2117 921 2175 et
938 2110 1034 2176 Glem.
1051 2110 1178 2191 legitur,
1202 2115 1310 2174 tamen

234 2212 443 2277 necessarium
466 2230 527 2275 non
550 2218 609 2291 est,
630 2213 818 2293 praesertim
841 2231 912 2279 cum
935 2214 954 2295 ς
977 2216 1007 2294 7,
1037 2231 1118 2292 quae
1140 2211 1311 2290 antecedit,

235 2315 421 2402 exhibeatur
452 2315 611 2396 „Cadmus
635 2315 789 2397 Agenoris
816 2313 930 2381 filius“.
974 2315 1117 2396 Denique
1140 2321 1252 2395 restat,
1276 2320 1310 2379 ut

235 2427 310 2484 ante
332 2418 497 2500 „Thasos“
520 2436 631 2483 nomen
654 2421 843 2484 inseramus:
868 2417 955 2502 (auti.
981 2456 1021 2465 -

318 2522 336 2604 ξ
359 2521 379 2585 9
402 2520 521 2603 „Indus
543 2539 599 2585 rex
627 2520 660 2585 11
684 2518 815 2602 Scythia
845 2528 1011 2602 argentum
1034 2522 1156 2603 primns
1179 2519 1311 2600 inuenit,

233 2624 317 2706 quod
340 2622 568 2690 Erichthonius
590 2622 735 2688 Athenas
760 2624 881 2703 primus
903 2624 1044 2689 attulit.“
1068 2623 1230 2705 „primus“
1252 2640 1310 2702 pro

233 2725 408 2808 „primum“
432 2725 533 2792 altero
556 2725 623 2790 loco
644 2726 828 2790 Knaackius
849 2745 880 2806 p.
903 2725 966 2792 587
990 2727 1134 2791 correxit.
1168 2723 1312 2806 Micyllus

233 2847 290 2910 pro
313 2829 448 2910 „Indus“
472 2830 608 2895 coniecit
638 2829 811 2911 „Lyncus“,
840 2827 927 2893 haud
959 2829 1055 2896 dubie
1086 2848 1124 2894 ea
1147 2845 1242 2892 causa
1264 2827 1311 2890 in-

233 2931 359 3012 ductus,
382 2933 465 3012 quod
487 2932 560 2997 Indi
583 2950 696 2997 nomen
719 2932 803 2996 inter
817 2950 908 3013 reges
924 2930 1111 3013 Scythamm
1127 2935 1310 3010 suspectum

235 3033 382 3100 habebat.
427 3034 498 3111 Qua
520 3036 630 3100 eadem
663 3036 695 3098 in
718 3053 753 3098 re
775 3033 957 3099 Knaackius
988 3034 1067 3098 adeo
1096 3032 1236 3113 oflendit,
1266 3039 1312 3114 ut,

233 3136 379 3218 quamuis
403 3137 543 3203 Cassiod.
576 3156 644 3203 uar.
665 3137 710 3202 IV
733 3137 776 3200 34
805 3137 890 3201 idem
921 3136 1021 3217 „Indo
1051 3137 1120 3218 regi
1143 3135 1312 3217 Scythiae“

232 3244 398 3320 argentum
421 3241 585 3305 inuentum
608 3239 748 3321 addicat,
771 3239 982 3304 coniecturam
1007 3238 1124 3320 Micylli
1156 3239 1222 3303 sine
1244 3237 1309 3302 ulla

233 3341 445 3408 haesitatione
467 3345 500 3408 in
516 3349 638 3410 textum
661 3348 695 3409 et
709 3342 828 3425 Hygini
850 3347 883 3406 et
900 3340 1093 3407 Cassiodorii
1108 3342 1205 3423 recipi
1222 3340 1310 3405 iube-

232 3454 290 3510 ret.
335 3448 380 3512 At
403 3447 443 3510 de
465 3446 573 3530 Lynco
596 3445 785 3530 Scytharum
810 3463 884 3526 rege
906 3443 985 3510 nihil
1007 3443 1124 3510 scimus
1146 3443 1206 3508 nisi
1229 3460 1310 3525 quae

231 3550 325 3615 Ouid.
358 3555 432 3615 met.
456 3548 484 3614 V
516 3549 664 3638 649111.Ι
685 3555 794 3616 narrat
822 3585 863 3594 -
897 3547 936 3614 cl.
965 3547 1053 3612 Seru.
1079 3547 1172 3627 Verg.
1194 3547 1271 3610 Aen.
1294 3544 1326 3640 I·

231 3651 303 3735 323,
326 3652 367 3717 al.
383 3674 442 3717 —:
466 3651 510 3718 ibi
525 3670 601 3717 uero
618 3670 657 3716 ne
670 3651 783 3716 nucula
798 3653 926 3734 quidem
942 3657 1110 3732 argentum
1126 3648 1309 3730 attingitur,

231 3753 401 3821 Praeterea
423 3761 529 3820 autern
545 3754 671 3819 omnino
686 3755 890 3838 cogitandum
906 3772 968 3819 non
983 3758 1033 3818 est
1049 3753 1088 3816 de
1104 3750 1167 3817 illis
1181 3748 1308 3832 linibus,

231 3876 309 3939 quos
332 3859 524 3925 uetustiores
547 3857 662 3923 Graeci
685 3856 875 3940 Scytharum
898 3856 1016 3921 nomini
1031 3854 1214 3921 adscribere
1229 3852 1309 3917 sole-

229 3962 317 4045 bant,
349 3962 420 4027 dico
452 3960 523 4026 illos
554 3959 642 4041 fines,
685 3961 738 4041 qni
771 3961 856 4027 Istro
889 3966 922 4062 et
955 3959 1096 4023 Tanaide
1127 3955 1309 4023 fluminibus
