3184 4886
278 543 366 626 apud
392 543 485 624 Diog.
507 541 647 612 dubitari
673 561 767 625 posse
788 563 849 623 -;
879 561 974 626 porro
1003 543 1035 608 in
1065 543 1176 609 eodem
1205 541 1288 608 libro
1318 561 1365 610 ea

276 650 416 714 tractato
443 651 545 726 erant,
566 663 649 727 qnae
671 645 842 712 Clementis
865 646 884 729 6
906 646 948 711 66
963 664 1011 727 sq.
1033 645 1249 714 continentur:
1282 663 1357 712 nam

278 746 381 814 Gellio
402 753 496 827 teste,
518 766 611 830 quem
634 746 710 812 XIV
733 748 754 812 6
775 747 925 814 Fauorini
952 745 1074 832 0an
1093 747 1164 812 hiat.
1188 765 1361 828 argumen·

277 855 345 915 tum
378 850 556 918 describere
588 849 795 932 Nietaschcus
828 850 918 918 Mas.
952 849 1054 918 Rhea.
1076 848 1186 916 XXIII
1210 848 1294 916 1868
1324 867 1363 932 p,

277 952 340 1026 643
355 969 422 1036 sqq.
454 953 578 1035 docuit,
614 953 648 1018 iu
680 952 739 1018 boc
771 971 867 1034 opere
896 953 981 1019 inter
1010 953 1076 1018 alia
1106 958 1272 1017 narratum
1305 971 1358 1018 ex-

277 1053 379 1122 stitit:
413 1073 494 1137 „quo
515 1056 640 1121 nomino
662 1054 785 1136 luisset,
817 1055 872 1137 qui
897 1056 1019 1138 primus
1043 1058 1271 1137 grammaticus
1300 1073 1363 1136 ap·

276 1158 415 1240 pellatus
448 1161 562 1224 essct“.
611 1157 802 1224 Fauorinum
836 1176 913 1223 uero
945 1175 1018 1223 num
1054 1156 1198 1224 Clemens
1221 1155 1361 1222 adhibu-

278 1258 357 1338 erit,
386 1259 583 1341 ignoramus;
614 1261 710 1326 immo
738 1277 850 1325 nomen
881 1259 948 1324 eius
977 1278 1026 1338 nev
1046 1278 1109 1325 uno
1134 1258 1263 1340 quidem
1287 1256 1367 1330 Cle-s

277 1363 393 1426 mentis
421 1360 490 1428 loco
524 1367 796 1429 commemoratur.
839 1361 901 1428 Sed
933 1362 1127 1427 Fauorinum
1159 1361 1367 1444 beuremata,

278 1479 361 1543 quae
383 1465 461 1528 data
481 1483 578 1546 opera
600 1470 634 1529 et
655 1463 808 1545 peculiari
831 1485 928 1528 παντ.
951 1458 1014 1529 lor.
1036 1470 1127 1550 parte
1149 1463 1364 1544 enarrauerit,

279 1582 297 1629 6
327 1564 661 1648 Philostephani
690 1587 728 1630 rr.
750 1559 814 1652 εὕρ.
839 1564 921 1632 libro
951 1567 1141 1648 repetinisse
1169 1564 1365 1635 Nietnscheo

279 1673 408 1744 auctore
430 1669 595 1749 probabile
616 1669 746 1734 uidetur
768 1685 846 1734 esse.
888 1668 1157 1750 Philostephanus
1179 1674 1287 1734 autem
1309 1673 1360 1734 est

278 1769 362 1837 inter
383 1776 529 1838 auctores
551 1774 579 1836 A
602 1770 788 1852 corpusculi.
831 1771 992 1838 consensu
1015 1771 1115 1853 igitur
1129 1770 1304 1838 Clementis
1326 1777 1367 1851 et

278 1871 429 1940 Fauorini
451 1874 624 1940 uerisimile
646 1871 684 1938 fit
706 1873 838 1940 inuenta
859 1874 899 1940 de
922 1873 1036 1956 quibus
1058 1873 1241 1956 quaerimus
1264 1873 1306 1938 ad
1332 1875 1360 1938 A

280 1974 399 2042 iontem
422 1977 591 2058 pertinere.
636 1976 679 2040 Et
700 1976 820 2056 optime
843 1977 971 2059 quidem
1001 1978 1041 2041 ad
1064 1974 1365 2056 Philostephanum,

280 2078 527 2160 peripateticum
553 2085 585 2143 et
600 2077 849 2147 Alexandrinum
872 2080 1019 2159 quadrat,
1041 2079 1126 2159 quod
1141 2078 1362 2160 Praxiphanes

281 2181 510 2263 peripateticus
526 2181 545 2263 ξ
561 2181 602 2245 67
618 2186 714 2262 atque
730 2179 955 2266 (Callimachus
970 2179 1013 2266 et)
1030 2180 1259 2264 Eratosthenes
1283 2181 1302 2263 §
1317 2181 1366 2245 66

279 2283 481 2349 nominantur
514 2284 570 2366 (ad
599 2282 847 2350 Alexandrinum
887 2289 975 2350 certo
1011 2291 1173 2350 auctorem
1216 2283 1278 2348 hae
1320 2285 1362 2366 §5

280 2391 453 2468 propterea
482 2388 678 2460 reuocandae
708 2391 799 2465 sunt,
829 2387 913 2467 qnod
945 2386 1133 2467 Pergameni
1156 2387 1366 2468 omittuntur,

282 2488 321 2556 cl.
354 2488 482 2555 Preller.
513 2488 534 2556 l.
557 2488 577 2556 l.
600 2509 631 2571 p.
663 2489 747 2571 102).
798 2489 916 2556 Tamen
947 2489 1179 2570 neglegendum
1215 2507 1275 2553 non
1309 2493 1367 2554 est

283 2592 380 2659 trium
402 2592 576 2674 primorum
598 2585 734 2678 εὑρετῶν
748 2592 862 2660 seriem
879 2593 1113 2674 (Alcmaeonem
1130 2592 1210 2674 dico,
1233 2593 1360 2660 Anaxa-

284 2713 405 2778 goram,
428 2693 672 2776 Antiphontem;
698 2695 739 2760 66
761 2695 948 2776 Apollodori
969 2695 1052 2760 enim
1075 2699 1184 2772 aetate
1206 2692 1283 2759 nihil
1299 2693 1360 2760 sci·

283 2799 368 2882 mus)
384 2804 561 2878 temporum
584 2815 709 2880 qnoque
731 2797 847 2864 rationi
869 2796 1098 2879 obtemperare,
1119 2815 1157 2862 ac
1185 2797 1234 2864 uel
1258 2795 1368 2876 magis·

285 2899 475 2967 offendimus
497 2901 529 2964 in
546 2899 684 2965 Diodoro
706 2899 843 2966 excitato
865 2899 899 2983 (6
914 2899 956 2966 63
970 2901 1061 2983 sqq).
1105 2899 1248 2965 Primum
1278 2897 1361 2964 enim

283 3020 399 3084 prosae
421 3001 572 3068 orationis
594 3004 782 3084 scriptorem
804 3000 930 3084 laudari
952 3000 1104 3068 abhorret
1125 3002 1165 3068 ab
1196 3003 1251 3081 eis,
1280 3018 1368 3084 quac·

266 3139 267 3144 =
283 3123 381 3186 snpra
395 3124 425 3185 p.
437 3105 532 3188 20sq.
545 3107 585 3170 de
595 3106 624 3170 A
636 3105 815 3187 corpusculi
829 3104 936 3182 Indole
951 3104 1153 3174 constituisse
1167 3104 1257 3171 nobis
1272 3103 1362 3169 uide·

284 3225 372 3285 mur;
394 3205 530 3279 alterum
554 3207 684 3274 Diodori
707 3206 830 3290 laudati
847 3215 937 3274 aetas
952 3206 1137 3289 scrupulum
1155 3211 1273 3288 mouet,
1288 3224 1362 3270 nam

284 3307 519 3389 intellegendus
541 3327 610 3374 esse
632 3310 761 3376 uidetur
783 3309 943 3376 Diodorus
958 3309 1115 3402 Valerius,
1137 3309 1191 3390 qni
1214 3303 1370 3400 ἐξήγησιν

285 3412 331 3476 aa*
332 3434 350 3475 ν
366 3407 567 3496 ζητουμένων
590 3408 681 3498 παρά
697 3414 769 3488 τοῖς
791 3406 812 3475 ι’
827 3405 978 3498 ῥήτορσιν
993 3417 1222 3493 composuerat,
1245 3411 1368 3484 Hadri-3

254 3537 255 3540 ¹
285 3515 339 3588 ani
361 3512 527 3596 aequalis;.
544 3532 606 3595 qno
622 3518 775 3597 quattuor
790 3513 838 3579 illi
852 3514 1070 3595 heurematici,
1092 3531 1225 3595 qnorum
1240 3533 1258 3580 e
1272 3513 1369 3580 libris-

219 3676 221 3682 ,
284 3620 314 3683 A
336 3615 556 3698 corpusculum
579 3622 744 3681 consutum
765 3613 838 3695 fuit,
860 3615 960 3681 multo
981 3605 1173 3682 uetustiores
1195 3621 1279 3696 sunt,
1301 3616 1369 3684 nisi.

285 3719 369 3788 forte
392 3718 587 3800 doemonem,
616 3719 717 3802 cuins
738 3719 778 3798 de
801 3723 908 3802 aetate
937 3717 1017 3784 nihil
1047 3718 1153 3786 adhuc
1175 3724 1300 3787 constat
1321 3753 1364 3766 -

287 3803 414 3889 Sittelio
441 3824 526 3888 enm
552 3819 663 3896 aava.
696 3822 725 3887 a.
742 3821 861 3906 ‚preca
883 3821 963 3890 nra.
990 3821 1075 3904 1111.
1099 3821 1163 3888 aaa
1194 3822 1248 3888 uix
1277 3820 1365 3904 quis-

287 3942 381 4006 quam
397 3925 555 3991 credet-
571 3923 604 3990 in
619 3928 686 3989 tam
702 3929 860 3990 recentem
876 3929 1013 3992 aetatem
1030 3924 1202 3992 detrudere
1215 3922 1376 4001 uolucris,
