3184 4886
698 401 910 468 ,57-

265 568 380 651 Itaque
410 569 439 637 si
462 570 513 636 his
542 569 700 652 scrupulis
729 570 864 638 abiectis
886 573 926 655 ἓξ
947 571 1076 638 63-65
1099 577 1125 636 Α
1147 571 1228 640 fonti
1251 573 1347 640 attri-

264 674 445 754 buerimus,
476 675 654 740 necessario
681 673 903 758 conligendum
934 676 996 742 erit
1027 676 1240 742 enchiridium
1271 683 1345 758 post

264 775 423 842 Hadriani
445 777 571 842 demum
595 783 734 844 aetatem
757 778 971 861 conscriptum
1001 796 1071 845 esee
1094 783 1127 843 et
1148 781 1277 861 praeter
1298 798 1349 860 ea,

265 895 347 960 qnae
368 896 407 943 ex
429 885 582 961 quattuor
604 878 668 944 illis
689 879 914 946 beurematicis
936 884 1085 963 excerpta
1114 887 1214 962 erant,
1248 881 1347 948 etiam

264 981 486 1047 additamenta
507 999 547 1046 ex
568 981 639 1047 aliis
662 981 852 1062 quibusdam
874 982 1058 1049 auctoribus
1088 984 1224 1066 repetita
1253 1002 1345 1065 prae·

264 1083 381 1150 buisse.
434 1086 478 1148 At
505 1102 724 1168 quaecumque
754 1087 795 1150 de
831 1084 919 1150 lonte
950 1086 988 1170 ξς
1017 1083 1121 1167 sosq.
1154 1092 1188 1151 et
1217 1087 1347 1154 63-67

265 1185 412 1268 disserui,
435 1186 647 1253 incertissima
669 1193 752 1253 eunt

354 1288 416 1355 Sed
440 1293 514 1353 utut
536 1307 588 1354 res
603 1307 638 1354 se
653 1289 761 1371 habet,
784 1291 899 1356 ceteris
914 1308 997 1372 quae
1010 1297 1182 1356 narrantur
1203 1291 1242 1375 ἕξ
1257 1297 1350 1356 certa

266 1390 373 1472 capita
395 1389 586 1459 efficiuntur.
630 1392 676 1458 Ac
697 1393 800 1475 primo
822 1392 949 1473 quidem
972 1393 1087 1459 obtutu
1109 1393 1213 1461 elucet
1234 1394 1346 1459 beure-

264 1501 354 1558 muta
383 1494 422 1577 ἓξ
444 1493 581 1575 52-62,
611 1501 647 1559 nt
666 1512 748 1576 quae
771 1501 904 1561 cunctae
931 1496 974 1562 ad
1003 1501 1104 1562 artem
1128 1496 1284 1578 poeticam
1313 1501 1347 1562 et

265 1596 420 1663 musicam
443 1604 602 1679 spectent,
628 1598 770 1663 interae
797 1615 867 1664 esse
889 1600 1089 1664 conectenda.
1134 1600 1225 1677 Quod
1249 1607 1347 1683 capnt

266 1703 399 1782 propter
420 1701 601 1781 argumenti
622 1700 863 1767 similitudinem
886 1720 956 1767 cum
972 1701 997 1768 0
1012 1702 1197 1784 corpusculo
1218 1703 1349 1768 coniun-

265 1821 340 1884 gere
352 1801 457 1884 uelim,
473 1803 663 1884 pracsertim
675 1820 747 1868 cum
761 1804 917 1887 Anonymi
929 1811 1078 1886 excerpto
1089 1823 1186 1888 supra
1197 1806 1242 1869 ad
1248 1803 1347 1871 (ilem.

266 1906 285 1988 ξ
302 1905 345 1970 34
360 1905 479 1984 adlato,
502 1907 586 1988 quod
603 1905 627 1972 O
643 1906 831 1989 corpusculo
845 1906 1040 1972 simillimum
1056 1912 1116 1989 est,
1138 1909 1235 1972 etiam
1251 1907 1348 1972 huius

204 2093 205 2098 ἵ
265 2007 383 2089 capitis
405 2008 557 2074 beurema
579 2025 676 2072 unum
699 2009 814 2074 saltem
838 2047 879 2058 -
903 2011 974 2077 dico
990 2010 1008 2092 ξ
1023 2009 1067 2076 54
1081 2047 1122 2058 -
1138 2010 1349 2079 contincatur.

352 2110 498 2192 Denique
520 2111 558 2195 ἓξ
580 2110 621 2176 68
644 2116 677 2176 et
698 2112 741 2178 69
756 2131 812 2194 sq,
843 2130 924 2194 quae
947 2115 1079 2194 restant,
1109 2112 1137 2178 ai
1159 2113 1231 2194 quis
1253 2111 1295 2179 ad
1320 2113 1345 2176 B

266 2210 384 2278 fontem
399 2212 565 2295 relegabit,
588 2214 734 2296 equidem
750 2214 1037 2296 non'impugnab03
1059 2214 1196 2281 feminae
1218 2215 1347 2298 quidem

153 2389 155 2394 ,
264 2316 458 2382 inuentrices
480 2317 613 2399 §cusq
637 2335 698 2381 non
720 2317 828 2398 inepte
851 2318 1081 2400 coniungantur
1102 2337 1174 2384 cum
1196 2318 1349 2402 §48sq3

266 2426 363 2501 atque
396 2418 456 2485 hoc
479 2425 565 2486 certe
586 2424 724 2502 apparet
745 2420 764 2503 ξ
786 2419 828 2484 69
838 2437 883 2500 sq.
908 2438 946 2484 ex
968 2420 1032 2485 alio
1057 2420 1143 2487 fonte
1166 2421 1348 2487 mananisse

266 2526 363 2603 utque
385 2523 424 2605 ἓξ
446 2521 591 2589 52-62:
622 2521 761 2602 alioquin
785 2522 803 2605 ἓ
826 2523 868 2587 69
889 2522 1100 2606 (hexameter)
1131 2526 1349 2606 componenda

268 2628 339 2689 erat
361 2643 433 2691 cnm
455 2623 531 2708 §59
547 2642 593 2706 sq.
616 2624 701 2706 (cum
723 2625 852 2708 iambo).
896 2627 988 2704 Quod
1011 2633 1118 2693 autem
1142 2628 1183 2692 ad
1206 2626 1281 2709 §68
1297 2632 1348 2691 at-

266 2726 357 2807 tinet,
381 2727 527 2794 Clemens
548 2725 685 2793 fortasse
700 2727 869 2792 Zaleucum
884 2735 918 2794 et
939 2727 1077 2795 Minoem
1100 2728 1183 2795 solos
1205 2730 1238 2793 in
1260 2728 1349 2795 fonte

265 2829 485 2896 beurematico
499 2865 541 2877 -
562 2830 590 2895 si
605 2830 733 2911 quidem
749 2850 787 2896 ex
801 2831 957 2897 eiusmodi
971 2831 1054 2897 libro
1069 2832 1151 2897 hanc
1167 2829 1347 2896 narratiun-

267 2932 369 2998 culam
387 2931 542 2998 delibauit
558 2967 599 2978 -
615 2933 771 3013 primos
794 2933 1019 3016 legumlatores
1034 2935 1214 3000 nominatos
1234 2951 1347 3015 reppe-

266 3033 319 3116 rit,
341 3040 463 3100 ceteros
478 3053 555 3099 uero
569 3039 636 3101 tres
651 3054 669 3098 e
684 3053 744 3100 sua
757 3037 936 3116 cognitione
951 3036 1114 3102 addidisse
1130 3037 1267 3118 uidetur,
1283 3053 1351 3117 quo

268 3136 385 3202 certina
407 3135 541 3216 fulciret,
562 3139 648 3219 qnod
671 3138 952 3204 demonstrandum
976 3138 1038 3204 sibi
1060 3144 1283 3220 proposuerat.

352 3238 492 3305 Prolatis
513 3258 595 3323 quae
610 3240 651 3305 de
665 3240 787 3323 origine
805 3241 998 3307 narrationis
1014 3240 1230 3308 clementinae
1251 3241 1350 3306 intel·
1447 3313 1449 3316 ,

266 3342 373 3428 legere
401 3349 569 3425 potueram
600 3345 737 3410 concedo
768 3361 826 3408 non
849 3343 951 3409 solum
976 3343 1000 3410 0
1028 3345 1260 3428 corpusculum,
1290 3346 1354 3410 sed

266 3446 363 3512 etiam
386 3450 493 3512 cetera
514 3445 648 3512 alterius
670 3445 807 3528 catalogi
832 3446 967 3528 'inuenta
989 3466 1027 3512 ex
1055 3446 1128 3513 aliis
1150 3445 1349 3531 quibuslibet

265 3547 358 3614 libris
378 3548 522 3630 potuisse
544 3549 678 3631 excerpi,
707 3568 887 3632 quanquam
917 3549 995 3615 mihi
1025 3549 1154 3631 quidem
1178 3548 1348 3614 uerisimil-

265 3649 376 3717 limum
407 3657 455 3717 est
479 3651 672 3718 Clementem
705 3653 810 3717 omnia
840 3671 858 3717 e
888 3653 991 3719 tribus
1020 3652 1204 3719 enchiridiis
1233 3651 1347 3716 heure·

266 3752 392 3820 maticis
414 3754 611 3836 congessisse
632 3759 761 3835 praeter
782 3771 886 3838 panca
908 3757 1065 3839 quaedam
1087 3753 1234 3834 tortasse,
1264 3770 1352 3838 quaa

266 3875 305 3923 ex
337 3855 408 3923 aliis
442 3854 652 3922 conlectaneis
684 3857 847 3924 adiecerit.
900 3858 998 3943 Spero
1034 3862 1141 3925 autem
1173 3857 1364 3924 doctiorem

265 3959 381 4043 uirum,
396 3959 524 4043 quinon
540 3960 632 4025 modo
643 3960 684 4025 de
699 3960 841 4041 reliquiis
856 3961 1036 4026 studiorum
1051 3959 1351 4038 heurcmaticornm,
