3190 4882
712 365 925 433 ..25-

366 537 385 619 ξ
409 537 469 602 13b
491 534 544 617 „oi
565 534 602 602 δὲ
627 533 784 614 Φοίνικας
804 534 861 602 καὶ
885 532 1005 625 Σίρους
1028 531 1203 620 γράμματα
1226 532 1355 623 ἐπινοῆ-

281 659 337 704 σαι
360 634 509 724 σρώιους
531 638 707 722 le'youocrf‘
738 639 841 706 Test:
867 639 956 704 diod.
980 639 1007 703 V
1032 643 1081 717 74,
1107 642 1141 717 1;
1166 639 1246 704 Plio.
1272 659 1301 703 n.
1325 639 1355 702 h.

282 743 342 807 VII
368 735 444 822 1923
476 743 616 808 Orameri
641 744 700 807 An.
724 744 781 808 Ox.
805 742 851 807 IV
871 760 903 823 p.
925 744 998 819 400,
1022 744 1072 808 12.
1095 778 1136 788 -

366 846 384 928 ξ
410 847 449 910 14
481 841 648 931 „ineptatio
670 844 707 910 δὲ
723 837 828 909 Ἀπιν
849 840 1032 928 Αἰγύπτιον
1055 837 1255 928 [αὐτόχθονα
1278 841 1356 930 πρὶν

283 945 331 1026 εἰς
355 943 531 1031 Αἴγυπτον
554 940 740 1033 ἀφικέσθαι
761 945 819 1033 τὴν
835 941 911 1032 Ἰώ],
933 943 1017 1030 μετὰ
1038 945 1075 1011 δὲ
1096 951 1198 1010 ταῦτα
1216 939 1355 1032 Ἀσκλη-

284 1048 363 1117 πιὸν
384 1049 440 1138 τὴν
461 1047 571 1136 τέχνην
593 1043 729 1137 αὐξῆσαι
758 1049 932 1134 λέγουσιν.ιι
955 1052 1058 1117 Test:
1090 1049 1226 1133 Cyrillus
1248 1067 1275 1114 c.
1297 1049 1356 1115 Iul.

281 1155 324 1218 VI
346 1175 377 1236 p.
400 1154 483 1218 200a
506 1153 623 1235 Spcnh.
656 1164 766 1219 narrat
799 1155 943 1237 Apidem,
974 1154 1170 1219 aeditumum
1197 1150 1354 1230 illustrem

281 1256 482 1339 Aegyptium,
505 1257 692 1323 medicinam
715 1258 873 1322 inuenisse
888 1275 1020 1337 eamque
1036 1255 1236 1338 Aesculapio,
1260 1253 1354 1319 Coro-

281 1359 366 1424 nidis
395 1365 428 1423 et
451 1359 607 1442 Apollinis
630 1367 687 1425 ant
710 1361 886 1426 sacerdotis
909 1359 1042 1424 alicuius
1057 1359 1171 1424 Graeci
1192 1355 1267 1436 filio,
1290 1364 1356 1421 tra-

279 1461 415 1540 didisse,
458 1463 513 1545 qui
553 1462 669 1528 deinde
702 1469 804 1528 artem
836 1481 894 1544 per
930 1467 1031 1528 totum
1054 1460 1161 1526 orbem
1196 1466 1354 1526 terrarum

277 1571 480 1646 propagaret.
521 1566 621 1631 Paulo
643 1566 737 1632 aliter
762 1569 868 1632 autem
891 1567 1023 1631 eandem
1046 1583 1113 1629 rem
1137 1562 1354 1628 Theodoretus

279 1667 310 1731 in
350 1667 478 1732 deorum
517 1668 622 1734 iudice
657 1669 794 1749 quodam
832 1667 1083 1734 Euhemeristico
1119 1663 1234 1730 refert:
1279 1662 1356 1745 ,οιαὶ

277 1761 491 1854 Ἀσκληπιὸν,
521 1771 624 1854 inquit
654 1771 778 1854 therap.
809 1772 859 1836 III
882 1772 933 1851 26,
962 1764 1006 1846 ὡς
1035 1770 1091 1856 τῆς
1114 1764 1261 1855 ἰατρικῆς
1283 1764 1354 1832 ἑπι-

279 1865 403 1958 στήμης
423 1867 553 1958 εὑρετὴν
580 1872 793 1958 γεγενημένον,
822 1869 904 1937 θεὸν
932 1867 1162 1957 redemtionem
1192 1863 1353 1954 προσηγό-

277 1995 392 2058 ρευσαν
415 1975 569 2058 (Graeci).
599 1974 655 2040 διὰ
686 1973 723 2039 δὲ
753 1971 812 2062 τὴν
842 1967 940 2062 αὐτὴν
961 1970 1071 2039 αἰτίαν
1092 1970 1148 2036 καὶ
1176 1970 1233 2039 τὸν
1248 1964 1354 2036 Ἀπιν

276 2074 465 2161 Αἰγύπτιοι
493 2074 591 2154 θείας
622 2074 843 2162 προσηγορίας
872 2070 1044 2164 ἠξίωσαν.“
1087 2075 1154 2141 Nec
1184 2083 1291 2142 tamen
1322 2077 1352 2141 iu

278 2181 493 2246 testimouium
526 2198 639 2246 uocare
669 2181 744 2246 lieet
776 2180 922 2261 Suidam,
958 2179 1012 2261 qui
1042 2198 1067 2245 s.
1098 2198 1128 2244 u.
1159 2173 1353 2262 γράμματος

277 2278 349 2364 „ileo
370 2280 411 2346 τὰ
442 2277 620 2365 γράμματα
646 2278 795 2359 Φοίνικες
825 2281 959 2368 ἐφεῦρον
988 2281 1135 2368 replicet,
1168 2275 1265 2346 ἔνθεν
1295 2278 1353 2345 καὶ

283 2380 450 2450 maelmin
472 2380 673 2470 ἐκλήθησαν·
704 2381 760 2448 καὶ
791 2382 847 2450 τὸν
877 2380 1018 2468 Κάδμον
1046 2381 1130 2469 φασὶ
1152 2386 1283 2471 πρῶτον
1304 2379 1352 2459 εἰς

276 2486 335 2572 τὴν
349 2482 487 2552 Ἑλλάδα
509 2483 654 2569 κομίσαι·
679 2484 825 2575 ἰατρικὴν
846 2487 883 2552 δὲ
906 2478 1046 2563 ohram
1068 2482 1310 2569 ὁΑἰγύιιτιος·
1333 2481 1348 2548 ἱ

279 2582 310 2653 d'
330 2582 535 2674 Ἀσκληπιὸς
556 2583 671 2675 pignos
693 2588 749 2676 τὴν
763 2588 894 2676 τέχνην*
906 2592 946 2673 ¹).
971 2591 1086 2655 Mirum
1101 2609 1178 2655 sane
1194 2590 1351 2671 estquod

278 2692 522 2775 lexicographus
544 2691 623 2758 haec
644 2695 707 2757 duo
729 2694 925 2775 heuremata,
956 2693 1104 2773 quamuis
1125 2693 1208 2756 inter
1229 2710 1264 2757 se
1287 2691 1352 2755 dis·

277 2796 404 2877 similia,
434 2795 467 2860 in
497 2814 593 2859 unum
615 2795 856 2876 comprehendit
878 2803 975 2878 atque
998 2795 1106 2860 eodem
1137 2795 1247 2860 ordine
1279 2810 1352 2875 pro-

276 2899 360 2978 tulit,
383 2915 445 2981 quo
461 2896 605 2964 Clemens
627 2916 665 2962 ea
687 2917 725 2962 ex
748 2898 939 2964 diuersis
960 2896 1102 2964 fontibus
1124 2897 1276 2964 arcessita
1298 2895 1351 2977 (cl.

279 3018 376 3079 supra
398 3020 428 3081 p.
454 3003 587 3085 llsqq.)
601 3002 633 3068 in
656 3002 801 3083 catalogo
823 3020 880 3067 suo
895 3001 1065 3066 coniunxit.
1099 3001 1228 3066 Suidam
1244 3007 1351 3066 eutem

276 3120 314 3165 ex
329 3100 490 3168 Clemente
513 3105 582 3186 ipso
598 3103 676 3172 haee
691 3124 760 3172 esse
775 3112 954 3172 mutuatum
971 3105 1138 3185 quominus
1160 3103 1351 3168 coniciamus

275 3224 313 3268 ea
336 3223 370 3269 re
385 3207 585 3288 impedimur,
608 3209 691 3288 quod
715 3209 830 3274 Suides
847 3208 1039 3274 Clementem
1057 3205 1304 3272 Alexandrinum
1318 3207 1350 3284 ²)

275 3307 402 3372 omnino
425 3327 485 3373 non
501 3309 685 3376 adhibuisse
708 3312 845 3376 uidetur.
888 3310 1059 3375 Praeterea
1082 3311 1113 3374 in
1129 3309 1234 3392 priore
1249 3307 1349 3390 parti-

365 3586 395 3662 1)
417 3586 515 3644 Huius
546 3586 764 3663 explanationis
792 3587 874 3664 prior
904 3606 973 3664 pers
996 3607 1017 3646 s.
1040 3608 1070 3650 n.
1095 3582 1226 3662 Κάδμος,
1257 3587 1350 3645 altera

276 3693 299 3732 s.
323 3693 351 3730 u.
369 3659 457 3739 Ἀνιις
479 3671 612 3730 iteratur.

362 3757 393 3834 2)
415 3757 470 3816 Ille
501 3759 580 3815 enim
603 3757 747 3831 Clemens,
770 3777 858 3837 quem
889 3757 993 3817 Suidcs
1025 3778 1040 3816 e
1071 3760 1178 3818 Photio
1209 3757 1349 3816 hauriens

276 3849 321 3900 ter
335 3842 467 3903 laudauit
481 3844 517 3921 (s.
533 3864 561 3901 u.
578 3863 607 3902 u.
626 3836 733 3919 Ζάλην,
748 3835 853 3920 Ἥρας,
871 3842 1080 3922 Heliodorus),
1103 3865 1163 3904 non
1179 3849 1224 3903 ert
1237 3852 1348 3914 noster,

278 3929 328 3986 sed
351 3931 499 4006 interpres
518 3929 668 3992 Platonis:
692 3930 729 3992 ef.
754 3930 820 3988 adn.
836 3930 1021 4014 Bernhardyi
1045 3933 1080 3989 ad
1097 3951 1125 3992 u.
1147 3927 1346 4008 Πολιμβολος.
