3190 4882
728 373 938 439 ..44-

292 536 475 622 δακιύλοις,
505 542 526 608 5
547 539 590 607 εά
609 539 724 630 μίτρα,
761 542 781 608 6
804 541 847 607 τὰ
868 537 1015 626 σταθμά,
1047 539 1132 606 lul
1152 537 1292 606 τακτικά
1314 538 1374 606 καί·

292 640 458 727 πολεμικοί
478 643 667 711 Palamedes
688 645 856 711 Euboicus
893 647 914 714 8
935 641 993 731 τὴν
1014 639 1149 729 ποίησιν
1170 661 1251 710 snus
1271 661 1371 726 quae·

292 747 379 811 dam.
414 746 436 811 9
465 745 504 812 τὰ
534 741 702 826 χαλκεύειν
722 746 885 830 Cyclopes.
922 745 965 812 10
992 743 1050 832 τὴν
1070 740 1249 833 ἁλουργίδα
1270 746 1374 831 Tyrii

294 849 333 913 11
356 847 414 937 τὴν
435 845 592 935 γεωργίαν
613 857 645 915 ε1
669 850 709 916 12
730 846 787 936 τὴν
808 844 988 936 ναυπηγίαν
1009 848 1229 914 Athenienses
1271 849 1312 914 13
1333 846 1372 914 τὸ

293 955 456 1035 μυεῖσθαι
478 951 626 1018 Threces.
665 953 706 1019 14
726 948 765 1016 τὸ
785 947 880 1016 θύειν
908 951 1061 1018 Chaldaei
1091 959 1148 1017 eut
1177 951 1296 1034 Cyprii.
1334 949 1379 1015 15

292 1052 331 1118 τὸ
352 1046 570 1140 ἀστρονομεῖν
591 1052 765 1136 Babylonii.
799 1053 840 1120 16
861 1051 899 1118 τό
921 1055 1116 1139 γεωμετρεῖν
1137 1053 1298 1136 Aegyptii
1332 1053 1375 1117 l'l

293 1154 333 1221 εό
356 1150 507 1242 μαγείαν
528 1155 654 1222 Persae.
672 1157 712 1223 18
734 1153 791 1242 τὴν
813 1148 854 1220 δι’
871 1147 1003 1242 ὀνείρων
1021 1150 1178 1241 μαντικήν
1193 1155 1375 1220 Telmesen·

292 1279 356 1326 ses.
378 1260 419 1326 19
442 1255 499 1346 τὴν
521 1253 728 1346 οἶωνιστικήν
749 1257 905 1342 Phryges.

376 1362 445 1428 Iam
472 1361 599 1440 singula
626 1359 886 1443 percenseamus!
931 1360 1037 1441 Atque
1068 1360 1101 1425 in
1131 1359 1151 1443 ξ
1183 1363 1217 1438 1,
1249 1359 1282 1425 in
1309 1378 1378 1443 qua

294 1462 467 1546 Gregorius
488 1483 509 1529 a
530 1463 723 1545 reliquorum
745 1463 1001 1530 Christianorum
1032 1462 1185 1544 catalogis
1215 1462 1374 1528 dissidens

291 1567 377 1632 inter
397 1565 576 1632 litterarum
591 1565 773 1631 inuentores
788 1566 964 1647 Aegyptios
986 1583 1110 1647 quoque
1132 1573 1288 1644 numerat,
1310 1583 1372 1630 uon

291 1670 387 1736 modo
407 1667 487 1735 alios
509 1667 636 1750 multos,
657 1668 715 1734 sed
736 1667 902 1734 Platonem
923 1667 1075 1750 (Phaedr.
1095 1686 1127 1750 p.
1143 1668 1241 1743 274⁰)
1265 1669 1373 1748 ipsum

293 1778 410 1838 testem
432 1771 538 1837 habet.
582 1771 633 1836 Es
652 1775 771 1850 sutem,
791 1786 875 1851 quse
896 1771 938 1836 de
953 1770 1172 1836 Hebraeorum
1194 1769 1320 1834 nomiue
1338 1775 1374 1834 et

291 1873 397 1956 legum
420 1873 531 1940 tabula
553 1872 608 1956 (ef.
630 1873 745 1938 Euseb.
768 1891 815 1955 pr.
832 1891 881 1938 eu.
902 1873 932 1937 X
952 1875 984 1951 o,
1005 1874 1041 1957 2)
1063 1873 1209 1955 catalogo
1229 1873 1377 1951 inseruit,

294 1979 337 2042 ad
359 1979 429 2043 eius
449 1977 550 2059 ipsius
572 1995 688 2058 penum
704 1977 867 2041 doetrinae
883 1974 1084 2042 christianes
1106 1975 1272 2042 referenda
1286 1981 1371 2039 sunt.

379 2080 418 2162 ἐξ
433 2081 517 2146 2-1
533 2079 715 2144 Palamedis
729 2078 861 2144 inuenta
875 2079 1062 2160 saepissime
1076 2083 1375 2158 oommemorautur,

291 2187 406 2248 cuncta
416 2184 447 2265 1)
463 2181 773 2263 comprehenduntur
786 2199 837 2262 ap.
853 2179 948 2261 Gorg.
964 2180 1085 2246 Palam
1101 2181 1144 2248 30
1159 2178 1198 2246 ol
1215 2181 1371 2247 Aloidam

292 2283 409 2366 Odyss.
432 2285 493 2366 22;
521 2283 603 2349 Plin.
626 2302 656 2349 a.
678 2283 709 2348 h.
731 2282 794 2347 VH
817 2282 878 2350 198
900 2288 936 2348 et
956 2283 1038 2364 202;
1067 2283 1215 2349 Philostr.
1239 2283 1306 2348 her.
1331 2285 1377 2349 10

291 2406 323 2468 p.
348 2385 410 2451 176
424 2404 493 2469 sqq.
524 2387 635 2468 Kays.;
668 2385 773 2453 Sehol.
794 2385 871 2452 Eur.
894 2386 947 2450 Or.
970 2386 1087 2467 4322).
1119 2423 1162 2432 —
1193 2384 1277 2450 Num
1306 2385 1374 2450 iam

290 2539 497 2553 —n—

381 2645 410 2716 1)
433 2644 564 2708 Quartae
594 2645 713 2724 quidem
736 2641 753 2723 5
776 2645 978 2704 testimonium
1007 2645 1118 2704 frustra
1146 2643 1290 2723 quaesiui,
1320 2645 1373 2704 sed

292 2723 327 2790 τύ
350 2730 517 2809 λογίζεσθαι
539 2721 697 2799 δακτύλοις
724 2750 790 2789 eum
814 2730 988 2789 numerandi
1009 2737 1081 2802 arte,
1114 2749 1190 2810 quse
1211 2731 1374 2807 praeeedit,

294 2817 368 2876 adeo
392 2822 552 2892 eogualum
573 2822 627 2889 est,
656 2822 692 2874 at
711 2815 744 2874 in
766 2834 801 2874 eo
824 2834 885 2874 non
907 2815 1108 2874 offendamus:
1138 2814 1371 2891 of.1³lasreip.

295 2901 354 2961 VII
375 2922 403 2979 p.
428 2907 507 2975 5223
530 2902 656 2960 Phaedr.
679 2920 708 2978 p.
732 2901 821 2960 274⁶.
843 2932 885 2944 -
907 2900 953 2959 Ds
968 2901 1100 2961 inuentis
1121 2900 1289 2960 Palamedis
1304 2902 1374 2960 doe·

283 2988 406 3046 tissime
429 2988 592 3064 dispulsuit
613 2987 739 3046 Iahnius
760 2983 888 3048 Palam.
916 2990 995 3045 1886
1018 3005 1048 3062 p.
1072 2991 1111 3045 28
1128 3005 1193 3066 sqq.

378 3072 411 3148 2)
433 3072 602 3146 Quaeritur,
624 3074 696 3152 quid
710 3073 899 3132 iudicandum
922 3071 962 3132 sit
977 3073 1013 3130 de
1028 3073 1081 3143 eis,
1103 3091 1180 3152 quse
1195 3070 1375 3131 saholiastae

292 3157 406 3233 (Noun.
430 3159 508 3217 Abb.
531 3159 547 3216 Ι
570 3164 610 3216 62
625 3160 704 3238 sqq.)
734 3159 772 3217 ad
803 3157 939 3232 Gregorii
969 3157 1134 3232 ostalogum
1162 3156 1371 3216 illustrandum

291 3242 457 3319 proferunt.
501 3242 677 3322 Quanquam
705 3244 851 3302 nonnulla
880 3261 919 3300 ex
947 3242 1013 3318 ipsa
1042 3241 1171 3302 austeris
1201 3242 1370 3302 nutatione

293 3328 430 3386 deriuata
451 3347 515 3386 ease
537 3330 686 3402 uidentur,
708 3329 802 3388 maior
822 3333 921 3387 lamen
936 3345 1005 3404 pars
1027 3347 1128 3388 eorum
1144 3347 1160 3386 a
1174 3325 1377 3405 peeulisribus

292 3413 429 3472 lontibus
450 3413 549 3472 fluxit.
593 3415 789 3473 Inueutoram
815 3432 888 3472 uero
911 3413 1094 3472 souleetioue
1116 3433 1177 3472 sou
1199 3433 1264 3472 esse
1285 3433 1371 3472 usum

292 3498 481 3559 scholiastam
503 3497 641 3571 arbitror,
669 3498 759 3557 immo
789 3499 870 3559 inter
890 3498 964 3558 alios
992 3499 1091 3559 fontes
1112 3499 1190 3558 libro
1211 3499 1312 3578 aliquo
1335 3499 1373 3556 de

293 3584 479 3644 diuinations
509 3583 693 3660 eomposito,
727 3603 786 3662 quo
817 3583 1010 3644 diuinationis
1040 3590 1156 3660 partes,
1188 3585 1373 3656 inuenturos,

291 3670 451 3748 seriptores
473 3668 639 3744 eousigusli
667 3669 788 3729 fuerint.
831 3670 915 3728 Haeo
945 3670 981 3728 sd
1004 3660 1183 3746 εύρημοίιοον
1205 3669 1371 3745 eatalogum

292 3756 406 3815 soholia
426 3755 489 3815 fere
511 3755 611 3813 omnia
632 3754 736 3813 Suidas
757 3755 790 3813 in
812 3774 898 3812 usum
920 3775 1005 3814 suum
1027 3755 1175 3815 eouuertit
1197 3755 1247 3833 (de
1268 3772 1371 3814 neees-

291 3841 432 3915 situdine‚
453 3859 529 3920 quse
545 3839 665 3900 Suidsm
679 3840 760 3900 inter
773 3845 804 3899 et
818 3840 919 3898 Nonui
935 3840 986 3922 qui
1002 3840 1110 3900 dieitur
1123 3841 1264 3900 historias
1278 3841 1371 3900 iuter·

290 3926 379 3999 sedit,
409 3928 445 3985 of.
468 3925 636 4001 Pataigium
663 3925 682 3985 l
705 3925 810 4006 [supra
831 3944 860 4001 p.
884 3929 903 3983 9
926 3927 993 3985 adn.
1016 3923 1050 4004 2]
1074 3926 1095 3985 l.
1116 3947 1145 4004 p.
1170 3925 1239 4004 23);
1270 3931 1370 3986 mmeu
