3190 4882
726 329 939 396 ..22-

383 499 432 565 Ab
455 498 556 566 altera
578 507 685 568 autem
707 507 800 584 parte
822 501 1003 568 testimonia
1026 519 1084 566 uon
1108 503 1233 582 desunt,
1255 501 1370 584 quihus

297 603 530 667 demonstretur
566 603 885 685 alphabeticum
923 602 1102 684 catalogum
1140 623 1371 686 congruere

297 723 368 770 cum
391 706 558 770 sententiis
581 711 651 771 octo
673 705 800 790 illorum
822 713 995 772 auctorum.
1039 705 1120 772 Nam
1137 706 1219 772 sicut
1242 706 1324 771 inira
1338 707 1369 770 in

298 808 473 872 tractandis
506 808 638 889 singulis
671 807 840 887 adnotabo,
870 809 965 890 §tte
1001 807 1228 890 Theophrasti,
1261 811 1279 892 ξ
1312 808 1371 873 17¹³

300 910 481 975 Aristotelis
497 910 623 975 uidetur
637 928 707 976 esse
722 911 895 989 sententia
919 912 994 993 §23
1010 929 1069 976 non
1083 911 1243 992 discrepat
1259 911 1370 976 saltem

248 1004 251 1010 ’
297 1033 317 1080 a
339 1013 550 1094 Theophrasti
572 1013 745 1091 sententia;
769 1013 843 1096 §tt
866 1015 908 1079 ad
924 1013 1126 1078 Aristotelem
1149 1013 1267 1080 referre
1289 1015 1372 1080 licet.

298 1115 408 1198 Neque
442 1116 563 1193 obstat,
593 1116 677 1197 quod
708 1115 975 1198 Philostephanus
1004 1115 1042 1180 fr.
1072 1117 1114 1182 29
1144 1117 1252 1182 Muell.
1281 1116 1319 1182 fr.
1354 1122 1368 1182 1

299 1217 410 1284 Eichh.
432 1219 574 1298 „longa
596 1237 696 1284 naue
725 1221 868 1284 Iasonem
891 1220 1028 1301 primum
1051 1221 1238 1300 nauigasse‘
1262 1221 1371 1301 tradit,

297 1340 367 1386 cum
401 1321 571 1388 Clementis
601 1322 746 1404 catalogo
776 1322 976 1402 alphabetico
1008 1323 1027 1404 8
1058 1325 1098 1386 15
1130 1323 1220 1388 Atlas
1251 1322 1372 1404 primus

298 1426 396 1489 ναῦν
419 1427 620 1510 ναυπηγήσαι
642 1421 698 1488 καὶ
718 1421 776 1510 τὴν
797 1419 973 1488 θάλασσαν
995 1422 1134 1488 πλεῦσαι
1164 1432 1198 1488 et
1220 1427 1238 1508 ξ
1260 1425 1303 1490 45
1326 1425 1371 1491 Si-

298 1528 385 1593 donii
416 1527 510 1609 primi
550 1522 719 1613 τρίκροτον
750 1531 827 1591 ναῦν
860 1521 1101 1592 κατασκευάσαι
1136 1528 1371 1610 perhibeantur.

298 1631 378 1695 Nam
408 1636 631 1712 praeterquam
663 1631 748 1712 quod
771 1630 915 1696 Clemens
943 1637 1074 1712 propter
1097 1631 1258 1696 consilium
1281 1649 1371 1694 suum

298 1734 440 1797 Iasonem
459 1739 494 1797 ut
510 1732 666 1798 Graecum
684 1733 831 1798 nimirum
848 1734 1044 1798 inuentorem
1060 1733 1235 1814 praeterire
1250 1733 1373 1811 debuit,

299 1843 489 1917 argumenta
511 1836 622 1899 horum
638 1834 857 1901 heurematum
881 1836 928 1900 ita
943 1835 1112 1902 dissimilia
1134 1846 1219 1914 sunt,
1240 1846 1277 1900 ut
1291 1834 1374 1900 inter

298 1957 331 2004 sc
347 1958 408 2005 non
425 1944 611 2019 repugnent.
636 1936 759 2003 ueteris
773 1945 880 2002 autem
896 1943 1061 2005 auctorum
1084 1937 1208 2003 illorum
1232 1937 1391 2019 reliquiis¹

297 2042 377 2108 nihil
409 2042 507 2119 inest,
540 2059 602 2123 quo
634 2043 675 2106 ad
709 2041 925 2122 quaestionem
959 2050 1098 2106 nostram
1133 2041 1373 2122 disceptandam

299 2147 466 2227 quicquam
491 2146 660 2210 discamus.

387 2247 489 2310 Aliter
504 2246 533 2328 ¹)
580 2265 655 2310 uero
691 2247 732 2310 de
766 2244 901 2311 fontium
936 2246 1041 2312 indice
1076 2246 1233 2312 iudicauit
1269 2245 1375 2310 Har-

301 2347 527 2425 reclinet).
573 2349 799 2415 coniunctione
832 2350 915 2414 enim
949 2345 1034 2430 πρὸς
1065 2343 1195 2425 τούτοις
1227 2347 1264 2412 δέ
1296 2348 1376 2413 duas

301 2452 455 2533 distingui
470 2451 587 2516 classes
608 2451 721 2516 indicis
736 2452 921 2532 arbitratur,
944 2470 1077 2532 quarum
1092 2452 1225 2518 alterius
1239 2452 1373 2531 scripto·
1411 2529 1414 2536 1

301 2575 352 2620 res
382 2591 423 2600 -
456 2559 531 2621 sunt
560 2553 828 2635 Philostephanus
860 2565 892 2620 et
923 2554 1031 2620 Strato
1062 2591 1104 2600 -
1134 2553 1278 2619 Clemens
1308 2554 1375 2634 ipse

301 2657 484 2740 inspexerit.
529 2658 617 2736 Quae
639 2656 821 2721 coniectura
849 2658 995 2738 quamuis
1023 2657 1126 2738 primo
1157 2656 1272 2722 obtutu
1295 2656 1374 2720 arri-

302 2765 387 2842 deat,
410 2769 514 2825 tamen
536 2758 665 2840 probari
687 2759 806 2841 nequit.
849 2759 930 2823 Nam
960 2760 1046 2840 apud
1069 2758 1263 2824 clementem
1294 2755 1379 2842 πρὸς

302 2859 428 2939 amiram
450 2859 488 2926 δέ
509 2861 685 2927 coniunctio
715 2861 799 2926 idem
822 2860 889 2925 fere
912 2861 1009 2940 ualet,
1037 2863 1123 2943 quod
1145 2861 1378 2928 coniunctiones

303 2962 352 3030 ἔτι
375 2988 420 3046 re,
442 2984 523 3046 quae
545 2965 720 3047 praecedit,
743 2970 776 3029 et
797 2955 881 3028 ἀλλὰ
897 2959 962 3045 καί,
984 2983 1066 3046 quae
1088 2965 1240 3046 sequitur.
1278 2963 1377 3029 Adhi-

304 3069 397 3134 betur
418 3074 524 3132 autem
557 3065 769 3147 aelemente,
801 3072 837 3130 ut
869 3066 994 3132 nomina
1022 3067 1220 3149 potissimum
1251 3085 1378 3130 enume-

303 3170 404 3236 randa
426 3169 668 3249 coniungantur,
690 3186 791 3252 neque
813 3175 870 3234 aut
885 3170 1101 3248 distinguendi
1126 3176 1182 3233 aut
1200 3167 1379 3250 opponendi

306 3275 371 3338 uim
393 3273 502 3353 habet,
525 3272 585 3336 nisi
607 3271 672 3336 alia
692 3272 850 3354 particula
872 3273 984 3337 addita
1006 3278 1071 3336 est:
1103 3270 1142 3338 ci.
1165 3273 1213 3337 ed.
1229 3256 1379 3336 ‘Diodori

394 3483 424 3557 1)
455 3481 530 3537 Nam
553 3481 589 3538 de
613 3479 750 3538 Muelleri
773 3479 869 3557 (ΒΗΘ
891 3480 934 3537 IV
959 3500 986 3555 p.
1011 3479 1095 3556 490),
1119 3481 1206 3540 Rosei
1231 3477 1379 3559 (Aristot.

302 3565 503 3648 pseudepipr.
528 3585 555 3642 p.
581 3570 651 3638 410,
675 3569 746 3638 498,
771 3565 854 3642 534),
879 3565 1057 3624 Eichholtzii
1081 3567 1121 3644 (p.
1151 3566 1199 3643 10)
1223 3565 1379 3625 sententiis

306 3657 397 3713 uerba
418 3657 515 3712 facere
538 3653 725 3727 supersedeo.

393 3739 424 3816 2)
458 3735 556 3800 Teate
585 3735 655 3800 aad
690 3731 975 3818 Untersuchurapea
1010 3755 1071 3799 aar
1106 3733 1292 3800 Gescbichta
1325 3735 1382 3798 der

306 3822 471 3890 altchristl.
494 3821 571 3886 loti.
596 3825 641 3882 ed.
665 3824 824 3881 Gebhardt.
847 3832 877 3881 et
899 3824 1049 3881 Harnack.
1073 3823 1132 3881 uol.
1154 3823 1171 3881 1
1196 3827 1285 3882 1883.
1314 3828 1326 3880 1
1352 3843 1382 3898 p.

308 3917 369 3974 224
392 3933 421 3970 u.
445 3914 522 3980 28l;
547 3909 583 3970 cf.
602 3929 629 3987 p.
658 3914 693 3967 19
710 3929 753 3987 sq.
