3184 4886
692 359 903 470 ,64-

256 580 361 646 solum
387 577 513 646 Arionis
528 579 558 662 ¹)
580 595 693 643 nomen
709 578 777 659 ipse
792 596 831 643 ex
845 593 903 642 suo
917 574 1045 656 adiecit,
1067 593 1140 640 nam
1157 575 1197 639 de
1212 574 1338 656 Arione,

256 699 344 764 quae
365 681 590 760 narrabantur,
621 678 747 745 fabulas
776 696 812 744 se
842 698 904 745 non
926 678 1073 760 ignorare
1094 679 1188 744 donet
1210 695 1241 758 p.
1263 676 1337 758 556,

262 785 303 851 13
318 802 374 866 sq,
397 783 452 848 uhi
473 802 546 848 eum
569 800 628 864 per
649 781 817 863 delphinos
840 788 1002 847 seruatum
1025 779 1193 863 significat.

343 887 448 969 Igitur
469 885 539 951 lnce
571 884 689 949 elarius
717 890 767 950 est
796 883 959 949 Theodoro
990 882 1106 948 librum
1129 882 1338 948 Alexandrini

255 989 301 1053 ad
333 1006 461 1054 manum
491 987 600 1054 fuisse.
653 985 836 1064 Quidnam?
874 1005 976 1052 nonne
1010 986 1082 1069 pari
1112 986 1207 1051 modo
1236 991 1269 1052 et
1300 1004 1339 1050 ex

256 1090 365 1172 priore
387 1089 533 1172 catalogo
555 1098 587 1155 et
609 1107 647 1154 ex
668 1089 769 1156 altero
794 1089 911 1170 capitis
926 1088 1058 1154 dimidio
1073 1087 1225 1154 nonnulla
1246 1104 1338 1169 repe-

259 1193 359 1258 tiuit?
389 1210 490 1257 nonne
513 1192 610 1258 rebus
631 1191 704 1267 illis.
726 1209 806 1273 quas
827 1190 963 1273 ostendi,
992 1208 1115 1257 summa
1137 1208 1208 1257 aum
1232 1189 1337 1272 negle-

258 1295 368 1377 gentia
389 1294 561 1376 implicatis
583 1297 651 1376 ipse
672 1294 874 1376 apertissima
888 1291 956 1359 edit
970 1293 1097 1372 indicia,
1118 1292 1234 1374 quihus
1249 1289 1335 1358 mon·

255 1403 397 1478 stratur,
431 1398 516 1463 unde
547 1398 716 1464 hauserit?
761 1397 832 1464 Huc
865 1397 990 1462 secedit
1021 1401 1245 1478 argumentum
1276 1413 1336 1460 non

259 1499 369 1580 parui,
400 1500 528 1583 opinor,
559 1501 666 1582 pretii.
710 1499 746 1565 In
778 1500 889 1565 eadem
924 1499 1006 1564 euim
1040 1497 1270 1565 declamatione
1300 1496 1339 1563 eu

259 1601 371 1667 eodem
394 1601 566 1668 Clementis
588 1602 680 1683 libro,
703 1619 765 1682 quo
788 1599 974 1669 heuremata
999 1602 1206 1669 eontinentur.
1224 1599 1337 1683 (clem.

255 1713 369 1770 strom.
391 1705 407 1769 Ι
430 1706 480 1785 10,
501 1705 559 1786 48)
580 1704 745 1785 scriptoris
773 1703 896 1770 nomine
927 1722 986 1768 non
1018 1704 1139 1769 diutius
1168 1703 1279 1768 ahdito
1300 1719 1339 1768 ea

257 1807 448 1889 desumpsit,
471 1823 554 1889 quae
576 1825 606 1888 p.
628 1804 702 1888 556,
729 1807 767 1873 17
783 1825 851 1890 sqq.
875 1807 1038 1890 laudat¹).

697 2082 902 2092 -—-·—..—.

646 2321 769 2416 caput
793 2327 956 2395 sextum

347 2521 453 2587 Aliam
479 2522 764 2590 heurematioomm
796 2525 973 2591 studiorum
1005 2525 1188 2590 memoriam
1212 2531 1244 2590 et
1266 2522 1340 2588 reli·

261 2626 356 2706 quius
379 2625 531 2691 debemus
553 2625 680 2709 Hygino
703 2634 736 2694 et
759 2627 970 2694 Cassiodorio.

347 2728 452 2808 Atque
475 2729 560 2811 quod
582 2729 745 2813 Hygini
768 2730 892 2795 nomine
913 2729 1101 2812 inscriptum
1112 2729 1340 2796 circumfertur

247 2830 472 2896 enchiridium
494 2830 752 2916 mythologiaum‚
775 2833 844 2897 eius
866 2837 959 2914 parte
980 2833 1078 2897 tertia
1092 2832 1212 2898 indices
1233 2845 1340 2897 rerum

262 2933 513 3000 memorabilium
529 2935 740 3018 eontinentur,
755 2954 837 3018 quae
852 2953 912 3001 non
929 2936 1029 3001 solum
1045 2936 1087 3001 ad
1102 2934 1339 3019 mythologiam‚

258 3037 319 3100 sed
342 3037 437 3102 etiam
460 3038 503 3102 ad
524 3038 688 3105 historiam
712 3047 745 3105 et
766 3039 995 3123 geographiam
1017 3045 1172 3120 spectant.
1209 3039 1341 3121 Reperi-

264 3142 365 3203 untdr
380 3146 487 3204 autem
510 3141 595 3208 inter
610 3161 664 3208 eos
686 3143 823 3225 catalogi
845 3137 1032 3227 εὑρημάτων
1054 3143 1130 3207 duo:
1152 3141 1214 3208 iah.
1230 3141 1294 3206 274
1308 3146 1342 3207 et

352 3363 382 3441 1)
404 3365 526 3424 Arionis
557 3367 634 3425 aliud
669 3387 789 3448 quoque
818 3367 974 3427 inuentum
1006 3357 1187 3446 compertum
1219 3367 1341 3428 habuit:

258 3471 293 3530 p.
317 3454 377 3510 525
401 3449 421 3510 l.
445 3455 463 3508 2
486 3447 613 3528 ,μέτρον
636 3447 668 3510 δὲ
691 3444 709 3510 o‘
730 3445 930 3529 διθύραμβος,
954 3449 986 3512 ἐν
1009 3451 1156 3536 Κορίνθῳ
1179 3448 1232 3529 μὲν
1255 3444 1341 3530 εὕρη-

263 3532 354 3611 μὲνον
376 3527 436 3594 ὖπό
456 3525 602 3611 'Autem
620 3539 678 3596 τοῦ
701 3532 931 3614 Μηθύμνηθεν,
954 3539 1034 3599 κτλ.“

349 3621 382 3700 2)
405 3623 513 3682 Mirum
536 3628 590 3700 est,
613 3625 691 3703 quod
714 3625 865 3697 editorem,
888 3643 1057 3705 quanquam
1080 3626 1161 3686 huno
1182 3625 1342 3685 Clementis

261 3707 360 3767 looum
383 3709 546 3782 adnotant,
567 3714 667 3768 tamen
689 3710 769 3786 fugit
783 3729 820 3768 ex
843 3711 900 3770 hoo
913 3711 979 3787 ipso
994 3712 1078 3770 fonte
1093 3730 1229 3788 magnam
1246 3711 1342 3769 Theo·

264 3793 327 3852 dori
343 3794 520 3855 eruditionis
548 3795 630 3854 illius
652 3802 767 3871 partem
783 3815 931 3870 manasse,
956 3816 1044 3876 quam
1058 3798 1122 3873 ipse
1138 3798 1299 3856 admiratur
1312 3802 1343 3853 et

259 3879 400 4022 ouingsssjn
417 3881 551 4025 {rggiffm
566 3886 600 3941 ut
614 3881 770 3960 inquirant
784 3881 841 3940 uiri
858 3883 945 3956 docti,
969 3884 1171 3944 commendat:
1195 3883 1231 3942 of.
1247 3881 1341 3960 praef.

261 3983 293 4038 p.
403 3984 419 4024 a
520 4010 527 4026 .
