3190 4882
717 467 927 531 „30-

285 637 502 720 adsignantur,
518 637 549 701 in
566 637 698 718 singulis
715 656 790 704 uero
806 638 954 702 nonnulla
969 639 1160 719 discrepant.
1186 638 1360 715 (lonstal1l

286 746 396 806 autem
420 739 557 805 Plinium
581 745 613 804 et
629 738 820 806 Clementem
844 742 928 807 inter
949 741 1029 805 alios
1050 748 1196 806 auctores
1211 742 1359 807 Stratone

285 849 319 908 et
340 843 589 925 Philostephano
611 847 780 925 utrumque
797 861 888 908 nsum
911 861 997 922 esse;
1020 842 1110 926 atqui
1131 845 1158 908 si
1174 845 1215 908 de
1229 844 1359 911 inuento

286 947 423 1026 quodam
439 947 550 1013 eadem
566 952 701 1026 uterque
723 952 843 1026 narrat,
865 953 1109 1011 consentaneum
1132 953 1181 1010 est
1203 963 1241 1009 ex
1264 947 1361 1011 alter-

285 1055 358 1114 utro
388 1047 502 1112 horum
534 1055 697 1113 auctorum
730 1066 768 1111 ea
801 1047 988 1114 manauisse.
1033 1047 1188 1126 Quoniam
1221 1067 1296 1112 uero
1326 1051 1357 1114 in

286 1148 361 1216 lerri
384 1156 417 1216 et
432 1150 515 1216 aeris
532 1133 712 1213 inuentione
727 1149 759 1213 in
774 1150 955 1214 uniuersum
973 1149 1092 1213 Plinius
1112 1167 1182 1214 eum
1200 1149 1360 1216 Clemente

286 1254 458 1334 conspirat,
480 1251 619 1332 suspicio
641 1253 743 1317 oritur
759 1271 807 1331 ea,
830 1269 912 1332 qnae
927 1251 1117 1332 discrepent,
1140 1255 1361 1336 neglegentiae

288 1353 338 1418 uel
362 1354 455 1420 Plinii
479 1354 529 1420 uel
551 1354 721 1419 Clementis
743 1355 931 1435 imputanda
952 1373 1032 1420 esse.
1075 1355 1142 1420 Iam
1167 1355 1268 1421 multo
1283 1354 1360 1420 faci-

286 1457 350 1521 lius
383 1456 537 1522 clementi
566 1458 695 1538 putabis
735 1457 882 1523 mendum
916 1457 1080 1523 inhaerere
1112 1475 1206 1538 quom
1242 1457 1359 1524 Plinio:

288 1577 423 1641 qnorum
454 1559 508 1624 ille
539 1566 571 1624 et
600 1564 708 1624 aetate
738 1560 896 1640 posterior
924 1567 974 1625 est
1004 1569 1036 1623 et
1065 1564 1102 1624 ut
1123 1560 1155 1624 in
1178 1560 1360 1626 uniuersum

288 1662 458 1744 neglegens
480 1662 511 1726 in
535 1663 738 1743 excerpendo,
769 1664 816 1728 ita
837 1663 867 1726 A
890 1661 1109 1743 corpusculum
1133 1669 1218 1727 certe
1241 1682 1301 1729 non
1323 1681 1363 1728 ex

289 1766 367 1846 ipsis
389 1770 554 1831 auctorum
576 1763 666 1829 libris
682 1765 861 1845 descripsit.
906 1766 951 1828 Ac
975 1764 1051 1829 mihi
1073 1766 1200 1847 quidem
1218 1764 1362 1832 Clemens

287 1886 356 1934 cum
380 1867 483 1934 Plinio
506 1869 563 1934 hoe
585 1870 684 1935 modo.
701 1867 861 1934 conciliari
883 1886 975 1949 posse
998 1869 1134 1934 uidetur.

372 1971 512 2038 Primum
551 1971 590 2034 de
624 1970 807 2036 auctoribus
846 1970 985 2050 laudatis
1018 1989 1217 2052 quaeramus.
1270 1972 1362 2050 Quod

288 2072 433 2138 Clemens
454 2073 487 2156 (ξ
512 2073 586 2155 17¹³)
607 2074 649 2136 ad
673 2073 815 2154 Hesiodi,
843 2073 927 2138 idem
950 2074 993 2136 ad
1016 2073 1199 2138 Aristotelis
1221 2075 1362 2138 testimo-

290 2178 378 2241 nium
408 2175 529 2240 Plinius
557 2176 664 2240 refert.
708 2174 818 2241 Potuit
845 2175 973 2256 quidem
1005 2174 1145 2240 delibare
1175 2174 1362 2240 Aristoteles

287 2279 451 2344 inuentum
482 2278 565 2361 Lydi
597 2276 775 2360 Scythaei)
806 2298 845 2342 ex
873 2277 1004 2345 Hesiodi
1033 2278 1171 2344 carmine
1198 2277 1313 2360 aliquo,
1336 2277 1362 2341 si

290 2381 449 2446 Hesiodus
480 2381 544 2446 tale
567 2381 642 2463 quid
667 2382 994 2446 commemorauisset:
1023 2381 1150 2448 ubinam
1183 2401 1259 2447 uero
1280 2381 1364 2446 hunc

289 2486 329 2549 de
353 2483 479 2565 Scythis
500 2484 604 2565 egisse
625 2485 799 2565 putemus?
843 2485 959 2550 Contra
982 2502 1052 2548 cum
1076 2484 1269 2548 Hesiodeum
1286 2479 1364 2568 περὶ

284 2578 412 2650 Ἰδαίων
448 2582 627 2650 Δακτύλων
663 2604 789 2652 carmen
834 2585 1030 2652 circumferri
1068 2585 1182 2651 Snides
1219 2592 1366 2658 testetur,

288 2690 390 2757 Plinio
420 2687 515 2756 fidem
538 2688 724 2754 habebimus
753 2688 893 2753 Hesiodo
923 2699 1051 2756 auctore
1073 2688 1225 2770 adlegato
1247 2688 1365 2768 Dacty-

290 2794 391 2858 lornm
429 2793 477 2858 Id.
515 2793 678 2857 inuentum
716 2792 875 2871 quoddam
912 2791 1070 2873 prodenti.
1130 2792 1219 2856 Idem
1258 2797 1364 2855 antem

288 2895 493 2978 Dactylorum
526 2895 690 2959 inuentum
722 2893 865 2960 Clemens
888 2895 920 2978 (ξ
946 2896 998 2974 16)
1020 2901 1151 2959 auctore
1181 2913 1241 2958 non
1264 2894 1364 2958 nomi-

289 3006 363 3063 nato
385 2997 521 3062 exhibet.
564 2996 649 3078 Ergo
671 2998 812 3062 conicere
835 2997 942 3062 licebit
964 2997 995 3061 in
1013 2995 1110 3062 Glem.
1134 2995 1280 3078 catalogo
1295 2997 1363 3060 siue

288 3101 390 3182 ipsius
411 3100 479 3164 siue
502 3100 580 3181 eius,
603 3099 657 3179 qui
679 3100 707 3162 A
731 3100 949 3182 corpusculum
972 3098 1167 3180 conscripsit,
1198 3118 1304 3164 errore
1326 3117 1363 3161 ae

289 3203 490 3286 neglegentia
519 3220 631 3266 nomen
653 3201 784 3267 Hesiodi
807 3204 946 3267 auctoris
977 3203 1009 3266 in
1031 3199 1146 3266 falsum
1170 3201 1272 3268 locum
1296 3218 1363 3267 esse

290 3308 442 3373 delatum.

373 3408 505 3474 Accedit
527 3408 629 3472 altera
651 3408 815 3472 dissensio.
859 3407 947 3470 Idem
971 3407 1052 3470 enim
1075 3406 1283 3488 Dactylorum
1298 3398 1360 3492 etp.

290 3512 435 3579 Clemens
465 3512 628 3577 contendit
658 3511 775 3576 iactum
811 3527 880 3575 esse
912 3508 942 3573 in
983 3509 1135 3592 Cypro,
1168 3510 1199 3574 in
1235 3509 1362 3575 Creta

380 3704 407 3781 l)
438 3704 483 3762 De
506 3703 683 3763 Clementini
707 3707 734 3760 Α
757 3701 924 3778 corpusculi
954 3701 1086 3761 fontibus
1109 3703 1147 3761 of.
1170 3721 1245 3782 quae
1277 3721 1365 3778 snpra

289 3791 423 3866 exposui,
446 3791 482 3847 da
504 3789 594 3848 Plinii
617 3789 786 3848 auctoribus
808 3787 887 3846 infra
909 3806 971 3863 cap.
995 3787 1055 3846 VII
1077 3807 1170 3863 agam.

377 3877 409 3954 2)
432 3875 498 3935 Hoc
518 3877 596 3951 apud
612 3875 685 3932 alios
701 3875 859 3949 scriptores
874 3891 1019 3951 nusquam
1034 3873 1103 3948 legi,
1125 3874 1249 3950 Scythas
1263 3879 1360 3929 autem

289 3980 357 4020 sore
379 3981 448 4020 usos
478 3980 542 4020 esse
571 3965 696 4020 testatur
724 3960 835 4018 Herod.
857 3959 901 4018 IV
927 3963 962 4017 81
988 3965 1019 4018 et
1039 3959 1057 4018 I
1079 3963 1158 4032 2153
1191 3959 1266 4037 Lydi
1290 3977 1361 4017 uero

290 4066 398 4105 nomen
420 4046 571 4123 proprium
593 4045 661 4104 uide
684 4063 722 4102 ne
743 4049 914 4119 corruptum
936 4044 982 4104 sit.
