3190 4882
674 391 896 498 -oa-'

327 598 366 681 ἕξ
388 598 430 666 66
444 616 492 682 sq.
522 590 798 685 ,,Ἀτιολλάδωρος
826 597 864 666 δὲ
886 593 904 665 ὁ
927 601 1080 684 Κυμαῖος
1110 598 1243 684 πρίτος
1263 623 1321 665 τοι

240 699 477 788 (γραμματικοῦ
498 693 572 768 άντί
601 701 670 788 τοί)
699 704 849 792 κριτικοῦ
876 697 1069 790 εἰσηγήσατο
1097 697 1242 786 τοῦνομα
1264 699 1321 768 καί

238 800 466 887 γραμματικὸς
488 800 747 891 προσηγορεύθη.
779 800 860 872 ἔνιοι
883 802 920 870 δὲ
937 797 1151 892 Ἐρατοσθένη
1173 801 1230 870 τδν
1253 810 1320 870 Κυ·

240 900 374 992 ρηναῖόν
395 924 506 992 φασιν,
539 903 654 972 &nendi
686 905 844 989 ἐξέδωκεν
866 899 962 986 οὗτος
983 902 1097 992 βιβλία
1119 901 1186 988 δύο,
1216 927 1319 994 γραμ-

240 1006 364 1092 ματικά
394 1003 608 1096 ἐπιγράψας·
639 1003 822 1096 ὠνομάσθη
853 1008 890 1077 δὲ
917 1004 1162 1099 γραμματικός,
1194 1003 1239 1088 ὡς
1267 1014 1322 1076 νῦν

241 1102 452 1196 ὀνομάζομεν,
477 1110 614 1199 πρῶτος
642 1108 860 1200 Πραξιφάνης
882 1107 1150 1199 Διονυσοφάνους
1174 1113 1322 1200 Μυτιλη-

241 1216 366 1291 ναῖος.“

326 1317 345 1400 §
367 1319 429 1384 66⁸
453 1318 552 1384 locem
569 1317 677 1385 adfert
692 1318 897 1400 Theodosius,
920 1317 1063 1400 Dionysii
1086 1318 1161 1384 Thr.
1186 1318 1321 1386 scholia·

239 1427 291 1485 sta
306 1419 454 1502 (Prelleri
465 1419 643 1503 Aafsaetae
659 1440 690 1503 p.
708 1421 783 1503 88):
806 1418 876 1501 ,,Τδ
891 1415 1052 1506 πρότερον
1068 1418 1104 1485 δὲ
1120 1415 1153 1508 (ἡ
1168 1441 1318 1507 γραμμα·

239 1518 326 1609 τικὴ)
356 1520 484 1610 κριτικὴ
512 1519 639 1606 ἐλέγετο
675 1521 733 1588 καὶ
763 1516 796 1588 οἱ
831 1518 948 1608 ταύτην
976 1518 1144 1606 μετιόντες
1171 1518 1322 1610 κριτικοί.

239 1617 445 1712 Αὐτόδωρος
479 1623 519 1690 δέ
554 1648 606 1706 τις
635 1627 789 1709 Κυμαῖος
820 1621 1092 1711 συγγραψάμενος
1123 1623 1232 1706 Λίξιν
1262 1623 1322 1690 ἐπ-

240 1726 401 1815 έγραψεν·
430 1719 626 1814 Αδτοδιίρου
647 1729 874 1813 γραμματικοῦ
896 1725 1029 1810 Λέξεις,
1054 1726 1112 1793 καί
1141 1725 1179 1794 ἐκ
1207 1723 1322 1794 τούτου

241 1828 326 1896 ποτὲ
347 1825 362 1892 ί
387 1828 512 1916 κριτικί
535 1828 591 1895 καί
612 1828 821 1919 γραμματικὴ
850 1827 1000 1896 λέλεκται
1021 1828 1078 1895 καί
1099 1829 1322 1915 γραμματικοί

241 1928 274 1999 οὶ
294 1927 412 2020 ταύτην
433 1929 633 2017 μετιόντις.“
676 1934 745 2011 Quo
766 1933 835 2000 loco
860 1934 995 1999 eundem
1018 1933 1177 1999 hominem
1199 1932 1322 2016 signifi·

242 2036 426 2117 pariatque
453 2037 547 2119 apud.
571 2036 668 2103 Glem.
692 2037 754 2102 iam
779 2037 979 2102 Burmannus
1008 2035 1129 2102 Volesii
1148 2035 1322 2103 Emendat

241 2143 273 2206 ct
292 2137 345 2204 De
368 2140 436 2206 ατί.
460 2139 545 2208 1740
567 2159 597 2222 p.
623 2139 685 2204 146
707 2140 780 2207 adn.
803 2140 948 2221 coniecit,
977 2139 1077 2204 uariis
1106 2139 1190 2203 enim
1219 2140 1322 2206 modis
1419 2212 1422 2218 ,

242 2247 394 2321 corrupta
415 2242 551 2307 nominis
572 2241 677 2308 iorma
699 2243 732 2306 in
755 2242 890 2308 diuersis
912 2243 981 2306 cod.
1001 2239 1135 2307 fluctuat
1157 2239 1211 2323 (ci.
1235 2240 1323 2307 Prel-

241 2345 296 2412 ler.
319 2343 339 2408 l.
361 2343 382 2410 1.
404 2346 476 2410 adn.
501 2344 555 2429 11)
578 2352 612 2410 et
634 2344 805 2412 Clementis
821 2344 949 2427 quidem
973 2345 1165 2426 scripturam
1181 2350 1322 2410 testatur

241 2445 428 2512 Theodorus
449 2445 549 2513 Prod.
566 2446 606 2515 ci.
629 2447 713 2512 infra
734 2468 766 2531 p.
789 2448 840 2514 63.
886 2447 1069 2513 Mutilatum
1093 2455 1199 2513 autem
1223 2446 1322 2513 Glem.

242 2556 365 2616 textum
394 2567 432 2614 ex
461 2550 582 2616 scholio
612 2549 799 2630 tmeier1)
829 2549 1001 2633 suppleuit.
1053 2547 1103 2615 De
1129 2547 1322 2632 Apollodoro

243 2650 332 2720 Cum.
356 2650 435 2716 nihil
458 2652 688 2719 certissimus.

327 2754 346 2836 ξ
369 2752 429 2822 66¹³
450 2752 546 2820 iidem
568 2755 741 2836 adiungere
764 2754 890 2821 uidetur
913 2754 1037 2833 spicas,
1059 2755 1114 2837 qui
1136 2772 1160 2819 s.
1185 2773 1213 2818 u.
1232 2745 1320 2840 Ἐρα-

242 2852 404 2941 τοαθένης
431 2872 562 2937 operum
591 2858 658 2922 eins
693 2874 858 2924 recensum
889 2856 978 2923 hisce
1007 2857 1115 2923 uerbis
1144 2855 1321 2922 concludit:

242 3007 284 3041 ‚,.
301 3007 333 3024 ..
357 2955 437 3044 τιερί
466 2949 625 3038 divales,
660 2953 832 3043 διαλόγους
863 2957 919 3024 καί
947 2957 1157 3045 γραμματικά
1190 2952 1320 3038 συχνά.“

242 3061 428 3128 Rectissime
450 3067 557 3126 minen
578 3061 806 3146 Bernhardyus
820 3061 986 3130 Erotoatlo
1004 3062 1087 3128 1822
1108 3080 1140 3143 p.
1155 3061 1186 3128 X
1200 3061 1323 3128 monuit

243 3163 487 3230 Eratosthenem
511 3182 570 3229 non
593 3163 748 3248 peculiari
762 3182 859 3245 opere
882 3166 921 3228 de
943 3165 1154 3246 grammatica
1175 3163 1321 3247 disputa·

242 3267 336 3346 uisse,
364 3284 457 3348 quarn
489 3266 528 3332 ob
559 3283 688 3333 caueam
721 3267 854 3334 coniecit
881 3268 914 3332 in
945 3268 1126 3333 narratione
1149 3266 1322 3333 clementis

330 3475 360 3548 1)
391 3474 576 3534 MHIllieier
609 3471 724 3555 Optato.
746 3473 839 3538 acad.
865 3476 911 3535 ed.
926 3475 1080 3535 Ecltstein.
1103 3481 1134 3534 et
1156 3475 1266 3534 Haase.
1288 3474 1322 3532 11

247 3562 326 3620 1863
349 3578 380 3635 p.
406 3564 443 3618 19
468 3580 497 3623 n.
522 3563 561 3620 54
584 3561 634 3639 (of.
657 3580 687 3637 p.
711 3565 751 3620 22
774 3579 804 3620 n.
829 3560 898 3637 80);
929 3562 1006 3642 quod
1034 3567 1133 3620 autem
1166 3560 1323 3640 sequentia

242 3645 390 3720 corrigere
412 3645 509 3706 uoluit
531 3642 625 3720 ,,ίνιοι
656 3641 688 3704 δὲ
715 3638 916 3722 Ἐρατοσθένη
946 3639 998 3704 τάν
1022 3641 1197 3723 Κυρηναῖον
1219 3645 1320 3718 φασιν,

242 3723 346 3805 ἐπειδη
379 3726 524 3800 ἐξέδωκεν
561 3717 651 3800 οὗτος
683 3729 783 3808 βιβλία
815 3727 886 3805 dolo,
925 3725 1112 3811 γραμματικά
1150 3726 1322 3809 ἐπιγράψας

245 3810 440 3900 (ὠνομάσθαι
461 3809 559 3886 οὕτως
580 3812 744 3900 πρῶτον>“,
773 3838 833 3877 non
855 3820 968 3896 probo;
998 3837 1065 3877 nam
1087 3817 1321 3878 additamentum

241 3902 330 3980 plane
349 3902 536 3979 superfluum
559 3907 613 3975 est,
636 3922 702 3961 cum
725 3923 764 3964 ex
779 3905 965 3964 antecedenti
987 3903 1141 3963 enuntiato
1162 3902 1322 3982 unusquis·

242 4007 301 4069 que
321 3987 464 4050 facillime
488 3987 625 4066 suppleat
646 3981 869 4066 ,,γραμματικδν
891 3989 1200 4069 ιιροσαγοριυδῆναι“Ι
