3184 4886
660 415 896 486 ..105-

235 579 384 671 uidetur,
405 592 494 674 quod
513 596 580 657 tam
602 608 700 673 saepe
720 591 898 674 complores
928 598 962 658 et
983 591 1190 657 diuersaede
1212 591 1320 658 inuen-

244 691 367 757 torihus
389 693 559 760 memoriae
581 692 786 775 adferuntur,
818 695 947 776 saepius
976 694 1059 760 enim
1083 711 1179 775 quam
1202 695 1321 761 uiciens

245 793 365 862 diuersi
387 797 558 862 earundem
580 814 685 862 rerum
708 789 835 882 εὖρεταί
857 795 940 863 inter
961 814 996 863 se
1018 801 1229 878 opponuntur.

309 896 560 983 ,Stratonemin
575 899 681 965 indice
696 899 814 980 excipit
829 899 1082 965 Heraclides
1104 897 1321 980 Ponticus,

243 999 284 1065 de
305 1018 368 1081 qno
388 1001 465 1082 quid
498 1002 541 1067 sit
570 1003 776 1068 statuendum
808 1000 1030 1067 difficillimum
1063 1007 1113 1066 est
1134 1001 1320 1067 diiudicata.

242 1102 279 1166 ln
303 1110 394 1169 textu
415 1103 499 1169 enim
521 1102 593 1168 libri
617 1103 678 1169 VII
699 1105 796 1170 semel
820 1108 1084 1170 commemoratur
1105 1110 1203 1186 atque
1217 1105 1318 1170 multo

244 1211 318 1272 ante
340 1212 446 1288 caput,
469 1224 531 1289 quo
554 1207 684 1274 inuenta
716 1207 907 1288 indicantur,
934 1208 1055 1274 scilicet
1078 1206 1138 1273 VII
1163 1207 1235 1288 175,
1268 1207 1321 1272 uhi

245 1307 446 1394 significatur
467 1310 537 1378 eius
568 1309 649 1378 liber
671 1309 750 1396 περὶ
772 1305 879 1376 ἄπνου
902 1312 1082 1393 inscriptus.
1128 1309 1320 1376 Heraclidae

245 1411 345 1492 igitur
367 1431 477 1480 nomen
502 1414 598 1479 indici
620 1415 773 1480 insertum
796 1416 824 1481 si
846 1414 908 1482 huc
930 1421 1063 1498 spectat,
1085 1414 1201 1483 falsum
1216 1412 1320 1478 locum

247 1515 380 1593 obtinet,
410 1516 664 1600 quandoquidem
694 1523 770 1582 ante
801 1518 1016 1584 Democritum
1039 1518 1220 1601 ponendum
1242 1521 1319 1581 erat.

247 1616 313 1684 Sed
334 1637 352 1683 e
373 1619 449 1685 sede
471 1619 605 1687 nominis
627 1620 734 1703 potius
757 1621 975 1702 conligendum
998 1639 1067 1688 esse
1088 1619 1233 1688 existimo
1256 1616 1321 1682 Pli-

246 1721 331 1785 nium
364 1720 404 1786 ah
436 1721 607 1790 Heraclida
636 1723 821 1790 henremata
852 1725 1008 1805 quaedam
1039 1729 1218 1791 mutuatum
1242 1739 1320 1786 esse

245 1823 412 1891 Ponticum
433 1831 542 1891 autem
564 1848 602 1893 π.
618 1820 682 1911 εὕρ.
706 1826 829 1893 duobus
852 1826 941 1893 libris
962 1829 1064 1909 egisse
1080 1828 1136 1894 La.
1161 1825 1319 1907 Diogenes

245 1925 318 2005 V6,
340 1927 363 1990 4
384 1927 455 2012 (88)
477 1935 626 2008 testatur,
647 1929 827 2011 fragmenta
850 1948 925 1996 uero
947 1930 1044 1997 huius
1066 1929 1172 2013 operis
1192 1930 1320 1995 desunt.

249 2028 310 2095 Sed
333 2035 461 2118 essunt
482 2033 638 2114 quaedam
660 2033 692 2098 in
724 2033 906 2099 narratione
926 2033 1033 2114 Plinii,
1064 2051 1146 2116 quae
1168 2032 1210 2096 ad
1232 2028 1320 2095 aliud

248 2132 438 2200 Heraclidae
459 2151 539 2215 opus
560 2134 696 2216 relegari
718 2135 851 2217 possint
896 2133 1027 2202 conlato
1050 2133 1133 2202 enim
1148 2131 1321 2199 Plutarcho

247 2235 286 2300 dc
309 2236 423 2301 musii
443 2236 728 2304 animaduertimus
750 2256 921 2320 congruam
943 2257 1014 2305 cum
1037 2239 1094 2321 eis,
1115 2256 1199 2319 quus
1214 2235 1267 2302 ille
1289 2234 1321 2298 in

248 2340 418 2426 Συναγωγῖ
440 2337 508 2404 τιῖν
534 2333 569 2405 ἐν
589 2341 729 2426 pavore?
757 2342 945 2421 tradiderat,
976 2342 1053 2408 haec
1082 2340 1177 2406 Plinii
1207 2339 1329 2406 heure:

247 2448 351 2507 mata:
366 2441 429 2508 VH
444 2442 508 2510 204
523 2443 668 2525 „cithara
683 2445 799 2512 cecinit
812 2444 933 2526 primus
948 2463 1019 2512 cum
1035 2450 1130 2512 cantu
1146 2441 1324 2524 Amphion“

246 2552 280 2609 et
301 2543 540 2623 „citharoedica
570 2548 712 2614 carmina
741 2547 919 2630 composuit
949 2548 1135 2630 Terpander
1165 2544 1320 2629 primus“.

248 2648 352 2730 Atque
375 2665 445 2713 cum
466 2650 602 2716 eundem
625 2651 812 2733 scriptorem
834 2651 865 2716 in
888 2651 1028 2717 diuersis
1040 2649 1131 2718 libris
1144 2649 1186 2716 de
1201 2646 1322 2712 eisdem

247 2749 341 2815 rebus
381 2751 514 2816 eandem
556 2753 749 2817 sententiam
788 2752 962 2835 protulisse
993 2757 1236 2818 consentaneum
1268 2748 1324 2827 sit,

246 2852 384 2922 Plinium
407 2853 491 2920 inter
512 2853 577 2919 alia
598 2873 637 2920 ex
658 2868 753 2936 opere
768 2855 957 2921 Heraclidae
980 2880 1016 2920 rr.
1032 2849 1096 2942 εὕρ.
1120 2853 1239 2936 scripto
1260 2851 1323 2914 duo

248 2955 304 3022 illa
327 2957 457 3022 inuenta
479 2955 673 3024 delibauisse
694 2977 755 3025 non
777 2959 847 3024 eine
868 2957 974 3040 specie
996 2958 1064 3024 neri
1088 2974 1211 3023 sumere
1234 2953 1323 3019 nohis

210 3083 218 3099 ³
247 3060 402 3126 uidemur.
446 3060 565 3126 Tamen
596 3078 675 3126 caue
705 3061 844 3128 conicias
875 3067 978 3127 totum
1008 3060 1049 3126 de
1079 3060 1174 3125 rebus
1196 3055 1324 3123 musicis

247 3161 350 3228 locum
381 3163 459 3246 (VII
488 3162 567 3245 204)
599 3183 639 3229 ex
669 3165 779 3231 codem
811 3163 870 3230 hoc
887 3163 990 3230 ,lone
1021 3181 1090 3229 esse
1123 3162 1323 3238 deriuatum3

248 3266 413 3331 Athenaeo
435 3267 517 3334 enlm
541 3266 616 3333 XIV
638 3287 668 3351 p.
691 3267 756 3333 624
769 3285 816 3349 sq.
837 3272 920 3334 teste
942 3266 1128 3332 Heraclides
1150 3266 1192 3331 de
1213 3263 1323 3328 modu·

248 3369 351 3434 lorum
373 3368 591 3437 incentoribus
613 3370 708 3436 aliter
728 3370 887 3436 iudicauit
908 3388 1003 3453 quam
1026 3367 1176 3435 Plinius

335 3471 462 3539 Tertius
500 3472 531 3537 in
571 3473 675 3540 indice
711 3472 1039 3556 honrematographus
1076 3467 1325 3553 deprehenditur

248 3574 632 3656 Philostephanus,
662 3575 751 3643 cuius
781 3594 893 3642 nomen
921 3576 953 3640 in
984 3581 1074 3641 textu
1096 3574 1145 3640 his
1167 3569 1331 3654 reperitur

249 3679 311 3745 VII
332 3679 394 3746 207
417 3685 451 3744 et
481 3677 554 3745 208.
601 3678 783 3762 Ambigitnr
816 3696 908 3762 ergo,
942 3683 1049 3744 utrum
1083 3672 1324 3755 Philostephani

250 3800 361 3849 nomen
384 3781 416 3847 in
438 3787 604 3847 auctorum
627 3800 758 3849 recensu
771 3782 911 3865 positum
933 3780 1002 3846 sola
1023 3779 1161 3845 adhaec
1178 3773 1324 3854 frustula,

249 3885 365 3968 quibus
387 3883 584 3967 adscriptum
608 3891 667 3966 est,
689 3885 857 3966 pertineat,
880 3903 922 3950 an
936 3883 1058 3952 Plinius
1073 3881 1103 3948 ei
1118 3880 1216 3948 etiam
1230 3877 1325 3961 plura

249 3990 405 4057 debuerit.
440 3988 512 4056 ,Sed
536 4006 607 4054 cum
629 3987 683 4054 ille
704 3989 789 4055 inter
810 3993 957 4054 auctores
979 3985 1119 4052 Graecos
1133 3985 1165 4051 in
1180 3987 1250 4048 toto
1264 3981 1325 4048 hoc
