<?xml version="1.0" encoding="UTF-8"?>
<!DOCTYPE html PUBLIC "-//W3C//DTD XHTML 1.0 Transitional//EN"
    "http://www.w3.org/TR/xhtml1/DTD/xhtml1-transitional.dtd">
<html xmlns="http://www.w3.org/1999/xhtml" xml:lang="en" lang="en">
 <head>
  <title>
</title>
<meta http-equiv="Content-Type" content="text/html;charset=utf-8" />
  <meta name='ocr-system' content='tesseract 3.04.00' />
  <meta name='ocr-capabilities' content='ocr_page ocr_carea ocr_par ocr_line ocrx_word'/>
</head>
<body>
  <div class='ocr_page' id='page_1' title='image "./decatalogisheur01kremgoog_0083.png"; bbox 0 0 3184 4886; ppageno 0'>
   <div class='ocr_carea' id='block_1_1' title="bbox 706 417 920 481">
    <p class='ocr_par' dir='ltr' id='par_1_1' title="bbox 706 417 920 481">
     <span class='ocr_line' id='line_1_1' title="bbox 706 417 920 481; baseline 0.009 -21"><span class='ocrx_word' id='word_1_1' title='bbox 706 417 920 481; x_wconf 65' lang='lat' dir='ltr'><strong>„gg-</strong></span> 
     </span>
    </p>
   </div>
   <div class='ocr_carea' id='block_1_2' title="bbox 277 581 1358 3028">
    <p class='ocr_par' dir='ltr' id='par_1_2' title="bbox 277 581 1358 3028">
     <span class='ocr_line' id='line_1_2' title="bbox 278 581 1353 668; baseline 0.003 -19"><span class='ocrx_word' id='word_1_2' title='bbox 278 581 440 650; x_wconf 89' lang='lat' dir='ltr'><strong>uidehitur</strong></span> <span class='ocrx_word' id='word_1_3' title='bbox 461 585 683 664; x_wconf 86' lang='lat' dir='ltr'><strong>Euhemerum‚</strong></span> <span class='ocrx_word' id='word_1_4' title='bbox 713 588 754 651; x_wconf 90' lang='lat' dir='ltr'><strong>ad</strong></span> <span class='ocrx_word' id='word_1_5' title='bbox 786 605 879 668; x_wconf 88' lang='lat' dir='ltr'><strong>quem</strong></span> <span class='ocrx_word' id='word_1_6' title='bbox 911 590 1042 667; x_wconf 92' lang='lat' dir='ltr'><strong>propter</strong></span> <span class='ocrx_word' id='word_1_7' title='bbox 1064 583 1263 651; x_wconf 89' lang='lat' dir='ltr'><strong>Panchaeam</strong></span> <span class='ocrx_word' id='word_1_8' title='bbox 1287 605 1353 652; x_wconf 89' lang='lat' dir='ltr'><strong>me-</strong></span> 
     </span>
     <span class='ocr_line' id='line_1_3' title="bbox 277 681 1353 772; baseline 0.001 -20"><span class='ocrx_word' id='word_1_9' title='bbox 277 694 432 753; x_wconf 81' lang='lat' dir='ltr'><strong>moratam</strong></span> <span class='ocrx_word' id='word_1_10' title='bbox 454 687 551 754; x_wconf 86' lang='lat' dir='ltr'><strong>Aeaci</strong></span> <span class='ocrx_word' id='word_1_11' title='bbox 573 681 637 771; x_wconf 77' lang='lat' dir='ltr'><strong>ei&#39;p.</strong></span> <span class='ocrx_word' id='word_1_12' title='bbox 659 687 859 754; x_wconf 85' lang='lat' dir='ltr'><strong>referendum</strong></span> <span class='ocrx_word' id='word_1_13' title='bbox 884 688 987 772; x_wconf 78' lang='lat' dir='ltr'><strong>est1),</strong></span> <span class='ocrx_word' id='word_1_14' title='bbox 1010 689 1041 753; x_wconf 93' lang='lat' dir='ltr'><strong>in</strong></span> <span class='ocrx_word' id='word_1_15' title='bbox 1064 689 1128 753; x_wconf 89' lang='lat' dir='ltr'><strong>ista</strong></span> <span class='ocrx_word' id='word_1_16' title='bbox 1142 687 1246 753; x_wconf 89' lang='lat' dir='ltr'><strong>insula</strong></span> <span class='ocrx_word' id='word_1_17' title='bbox 1261 707 1353 770; x_wconf 90' lang='lat' dir='ltr'><strong>prae·</strong></span> 
     </span>
     <span class='ocr_line' id='line_1_4' title="bbox 277 789 1353 874; baseline 0 -19"><span class='ocrx_word' id='word_1_18' title='bbox 277 797 326 856; x_wconf 91' lang='lat' dir='ltr'><strong>ter</strong></span> <span class='ocrx_word' id='word_1_19' title='bbox 356 790 526 874; x_wconf 88' lang='lat' dir='ltr'><strong>Olympum</strong></span> <span class='ocrx_word' id='word_1_20' title='bbox 559 789 759 874; x_wconf 88' lang='lat' dir='ltr'><strong>Triphylium</strong></span> <span class='ocrx_word' id='word_1_21' title='bbox 791 789 949 856; x_wconf 84' lang='lat' dir='ltr'><strong>effinxisse</strong></span> <span class='ocrx_word' id='word_1_22' title='bbox 980 793 1077 856; x_wconf 88' lang='lat' dir='ltr'><strong>etiam</strong></span> <span class='ocrx_word' id='word_1_23' title='bbox 1109 798 1245 856; x_wconf 92' lang='lat' dir='ltr'><strong>montem</strong></span> <span class='ocrx_word' id='word_1_24' title='bbox 1279 791 1353 857; x_wconf 84' lang='lat' dir='ltr'><strong>Tasi</strong></span> 
     </span>
     <span class='ocr_line' id='line_1_5' title="bbox 277 891 1353 975; baseline -0.001 -17"><span class='ocrx_word' id='word_1_25' title='bbox 277 895 401 958; x_wconf 91' lang='lat' dir='ltr'><strong>nomine</strong></span> <span class='ocrx_word' id='word_1_26' title='bbox 423 898 584 972; x_wconf 82' lang='lat' dir='ltr'><strong>notatum3</strong></span> <span class='ocrx_word' id='word_1_27' title='bbox 607 891 742 960; x_wconf 89' lang='lat' dir='ltr'><strong>alterum</strong></span> <span class='ocrx_word' id='word_1_28' title='bbox 766 893 818 974; x_wconf 88' lang='lat' dir='ltr'><strong>„in</strong></span> <span class='ocrx_word' id='word_1_29' title='bbox 841 895 966 960; x_wconf 84' lang='lat' dir='ltr'><strong>monte“</strong></span> <span class='ocrx_word' id='word_1_30' title='bbox 989 895 1096 960; x_wconf 90' lang='lat' dir='ltr'><strong>uerbis</strong></span> <span class='ocrx_word' id='word_1_31' title='bbox 1110 892 1250 975; x_wconf 80' lang='lat' dir='ltr'>Pangaei</span> <span class='ocrx_word' id='word_1_32' title='bbox 1266 913 1353 958; x_wconf 91' lang='lat' dir='ltr'><strong>mon-</strong></span> 
     </span>
     <span class='ocr_line' id='line_1_6' title="bbox 278 995 1354 1075; baseline 0.001 -16"><span class='ocrx_word' id='word_1_33' title='bbox 278 997 320 1061; x_wconf 89' lang='lat' dir='ltr'><strong>tis</strong></span> <span class='ocrx_word' id='word_1_34' title='bbox 341 997 558 1072; x_wconf 79' lang='lat' dir='ltr'><strong>admonemur,</strong></span> <span class='ocrx_word' id='word_1_35' title='bbox 584 996 617 1060; x_wconf 95' lang='lat' dir='ltr'><strong>in</strong></span> <span class='ocrx_word' id='word_1_36' title='bbox 639 1012 701 1075; x_wconf 91' lang='lat' dir='ltr'><strong>quo</strong></span> <span class='ocrx_word' id='word_1_37' title='bbox 723 1015 835 1061; x_wconf 92' lang='lat' dir='ltr'><strong>aurum</strong></span> <span class='ocrx_word' id='word_1_38' title='bbox 859 1016 879 1060; x_wconf 94' lang='lat' dir='ltr'><strong>a</strong></span> <span class='ocrx_word' id='word_1_39' title='bbox 901 995 1020 1062; x_wconf 81' lang='lat' dir='ltr'><strong>Cadmo</strong></span> <span class='ocrx_word' id='word_1_40' title='bbox 1043 996 1206 1062; x_wconf 90' lang='lat' dir='ltr'><strong>inuentum</strong></span> <span class='ocrx_word' id='word_1_41' title='bbox 1229 1015 1298 1062; x_wconf 88' lang='lat' dir='ltr'><strong>esse</strong></span> <span class='ocrx_word' id='word_1_42' title='bbox 1320 1005 1354 1061; x_wconf 90' lang='lat' dir='ltr'><strong>et</strong></span> 
     </span>
     <span class='ocr_line' id='line_1_7' title="bbox 278 1099 1353 1182; baseline -0.001 -17"><span class='ocrx_word' id='word_1_43' title='bbox 278 1099 399 1165; x_wconf 85' lang='lat' dir='ltr'>Plinius</span> <span class='ocrx_word' id='word_1_44' title='bbox 429 1099 449 1164; x_wconf 93' lang='lat' dir='ltr'><strong>l.</strong></span> <span class='ocrx_word' id='word_1_45' title='bbox 473 1099 493 1164; x_wconf 93' lang='lat' dir='ltr'><strong>l.</strong></span> <span class='ocrx_word' id='word_1_46' title='bbox 515 1105 549 1162; x_wconf 91' lang='lat' dir='ltr'><strong>et</strong></span> <span class='ocrx_word' id='word_1_47' title='bbox 579 1099 722 1164; x_wconf 82' lang='lat' dir='ltr'><strong>Clemens</strong></span> <span class='ocrx_word' id='word_1_48' title='bbox 753 1100 771 1182; x_wconf 63' lang='grc' dir='ltr'>ξ</span> <span class='ocrx_word' id='word_1_49' title='bbox 800 1101 843 1164; x_wconf 85' lang='grc'><strong>24</strong></span> <span class='ocrx_word' id='word_1_50' title='bbox 872 1099 927 1181; x_wconf 90' lang='lat' dir='ltr'><strong>(cl.</strong></span> <span class='ocrx_word' id='word_1_51' title='bbox 949 1119 1045 1182; x_wconf 90' lang='lat' dir='ltr'><strong>supra</strong></span> <span class='ocrx_word' id='word_1_52' title='bbox 1075 1119 1105 1181; x_wconf 89' lang='lat' dir='ltr'><strong>p.</strong></span> <span class='ocrx_word' id='word_1_53' title='bbox 1128 1101 1184 1182; x_wconf 89' lang='lat'><strong>34)</strong></span> <span class='ocrx_word' id='word_1_54' title='bbox 1214 1101 1353 1164; x_wconf 88' lang='lat' dir='ltr'><strong>tradant.</strong></span> 
     </span>
     <span class='ocr_line' id='line_1_8' title="bbox 277 1201 1354 1283; baseline 0.001 -19"><span class='ocrx_word' id='word_1_55' title='bbox 277 1202 485 1282; x_wconf 84' lang='lat' dir='ltr'><strong>Inspiciamus</strong></span> <span class='ocrx_word' id='word_1_56' title='bbox 512 1201 610 1281; x_wconf 88' lang='lat' dir='ltr'><strong>igitur</strong></span> <span class='ocrx_word' id='word_1_57' title='bbox 648 1202 755 1283; x_wconf 58' lang='lat' dir='ltr'><strong>paulo,</strong></span> <span class='ocrx_word' id='word_1_58' title='bbox 782 1203 962 1268; x_wconf 80' lang='lat' dir='ltr'><strong>accuratius</strong></span> <span class='ocrx_word' id='word_1_59' title='bbox 1001 1201 1093 1266; x_wconf 90' lang='lat' dir='ltr'><strong>Plinii</strong></span> <span class='ocrx_word' id='word_1_60' title='bbox 1123 1203 1354 1267; x_wconf 81' lang='lat' dir='ltr'><strong>narrationem:</strong></span> 
     </span>
     <span class='ocr_line' id='line_1_9' title="bbox 278 1302 1353 1386; baseline -0.001 -18"><span class='ocrx_word' id='word_1_61' title='bbox 278 1304 369 1386; x_wconf 86' lang='lat' dir='ltr'><strong>„auri</strong></span> <span class='ocrx_word' id='word_1_62' title='bbox 391 1303 522 1368; x_wconf 85' lang='lat' dir='ltr'><strong>metalla</strong></span> <span class='ocrx_word' id='word_1_63' title='bbox 551 1312 585 1369; x_wconf 92' lang='lat' dir='ltr'><strong>et</strong></span> <span class='ocrx_word' id='word_1_64' title='bbox 612 1302 760 1370; x_wconf 88' lang='lat' dir='ltr'><strong>flaturam</strong></span> <span class='ocrx_word' id='word_1_65' title='bbox 784 1304 923 1369; x_wconf 85' lang='lat' dir='ltr'><strong>Cadmus</strong></span> <span class='ocrx_word' id='word_1_66' title='bbox 946 1303 1085 1370; x_wconf 81' lang='lat' dir='ltr'><strong>Phoenix</strong></span> <span class='ocrx_word' id='word_1_67' title='bbox 1107 1306 1146 1368; x_wconf 89' lang='lat' dir='ltr'><strong>ad</strong></span> <span class='ocrx_word' id='word_1_68' title='bbox 1173 1303 1353 1385; x_wconf 85' lang='lat' dir='ltr'><strong>Pangaeum</strong></span> 
     </span>
     <span class='ocr_line' id='line_1_10' title="bbox 278 1406 1354 1489; baseline 0 -19"><span class='ocrx_word' id='word_1_69' title='bbox 278 1414 424 1485; x_wconf 87' lang='lat' dir='ltr'><strong>montem,</strong></span> <span class='ocrx_word' id='word_1_70' title='bbox 449 1415 483 1470; x_wconf 92' lang='lat' dir='ltr'><strong>ut</strong></span> <span class='ocrx_word' id='word_1_71' title='bbox 506 1406 559 1470; x_wconf 89' lang='lat' dir='ltr'><strong>alii</strong></span> <span class='ocrx_word' id='word_1_72' title='bbox 583 1406 734 1489; x_wconf 81' lang='lat' dir='ltr'><strong>Thoas,</strong></span> <span class='ocrx_word' id='word_1_73' title='bbox 757 1415 812 1472; x_wconf 91' lang='lat' dir='ltr'><strong>aut</strong></span> <span class='ocrx_word' id='word_1_74' title='bbox 836 1408 960 1472; x_wconf 85' lang='lat' dir='ltr'><strong>Aeacus</strong></span> <span class='ocrx_word' id='word_1_75' title='bbox 981 1406 1013 1472; x_wconf 94' lang='lat' dir='ltr'><strong>in</strong></span> <span class='ocrx_word' id='word_1_76' title='bbox 1037 1406 1197 1471; x_wconf 89' lang='lat' dir='ltr'><strong>Panchaia</strong></span> <span class='ocrx_word' id='word_1_77' title='bbox 1220 1414 1276 1472; x_wconf 90' lang='lat' dir='ltr'><strong>aut</strong></span> <span class='ocrx_word' id='word_1_78' title='bbox 1301 1406 1354 1471; x_wconf 88' lang='lat' dir='ltr'><strong>Sol</strong></span> 
     </span>
     <span class='ocr_line' id='line_1_11' title="bbox 280 1504 1353 1593; baseline -0.001 -20"><span class='ocrx_word' id='word_1_79' title='bbox 280 1509 396 1573; x_wconf 89' lang='lat' dir='ltr'><strong>Oceani</strong></span> <span class='ocrx_word' id='word_1_80' title='bbox 418 1507 501 1574; x_wconf 90' lang='lat' dir='ltr'><strong>filius</strong></span> <span class='ocrx_word' id='word_1_81' title='bbox 526 1561 532 1573; x_wconf 96' lang='lat'><strong>.</strong></span> <span class='ocrx_word' id='word_1_82' title='bbox 558 1562 564 1575; x_wconf 91' lang='lat'><strong>.</strong></span> <span class='ocrx_word' id='word_1_83' title='bbox 590 1510 617 1574; x_wconf 88' lang='lat'><strong>.“</strong></span> <span class='ocrx_word' id='word_1_84' title='bbox 656 1510 693 1574; x_wconf 95' lang='lat' dir='ltr'><strong>In</strong></span> <span class='ocrx_word' id='word_1_85' title='bbox 716 1509 776 1574; x_wconf 92' lang='lat' dir='ltr'><strong>hac</strong></span> <span class='ocrx_word' id='word_1_86' title='bbox 797 1504 932 1593; x_wconf 70' lang='lat' dir='ltr'><strong>cipando</strong></span> <span class='ocrx_word' id='word_1_87' title='bbox 955 1510 1037 1574; x_wconf 88' lang='lat' dir='ltr'><strong>serie</strong></span> <span class='ocrx_word' id='word_1_88' title='bbox 1059 1528 1132 1574; x_wconf 92' lang='lat' dir='ltr'><strong>num</strong></span> <span class='ocrx_word' id='word_1_89' title='bbox 1156 1510 1353 1591; x_wconf 75' lang='lat' dir='ltr'><strong>Thoantis²l</strong></span> 
     </span>
     <span class='ocr_line' id='line_1_12' title="bbox 279 1610 1353 1694; baseline 0.002 -20"><span class='ocrx_word' id='word_1_90' title='bbox 279 1629 390 1675; x_wconf 87' lang='lat' dir='ltr'><strong>nomen</strong></span> <span class='ocrx_word' id='word_1_91' title='bbox 418 1617 505 1676; x_wconf 88' lang='lat' dir='ltr'><strong>recte</strong></span> <span class='ocrx_word' id='word_1_92' title='bbox 533 1629 601 1676; x_wconf 85' lang='lat' dir='ltr'><strong>sese</strong></span> <span class='ocrx_word' id='word_1_93' title='bbox 633 1611 759 1692; x_wconf 84' lang='lat' dir='ltr'><strong>habeat,</strong></span> <span class='ocrx_word' id='word_1_94' title='bbox 792 1612 913 1693; x_wconf 90' lang='lat' dir='ltr'><strong>dubito,</strong></span> <span class='ocrx_word' id='word_1_95' title='bbox 947 1612 1093 1694; x_wconf 89' lang='lat' dir='ltr'><strong>quoniam</strong></span> <span class='ocrx_word' id='word_1_96' title='bbox 1125 1612 1207 1676; x_wconf 89' lang='lat' dir='ltr'><strong>inter</strong></span> <span class='ocrx_word' id='word_1_97' title='bbox 1237 1610 1353 1676; x_wconf 87' lang='lat' dir='ltr'><strong>multos</strong></span> 
     </span>
     <span class='ocr_line' id='line_1_13' title="bbox 278 1714 1352 1798; baseline -0.001 -20"><span class='ocrx_word' id='word_1_98' title='bbox 278 1714 374 1778; x_wconf 88' lang='lat' dir='ltr'><strong>huius</strong></span> <span class='ocrx_word' id='word_1_99' title='bbox 406 1715 540 1778; x_wconf 89' lang='lat' dir='ltr'><strong>nominis</strong></span> <span class='ocrx_word' id='word_1_100' title='bbox 569 1714 653 1780; x_wconf 89' lang='lat' dir='ltr'><strong>uiros</strong></span> <span class='ocrx_word' id='word_1_101' title='bbox 682 1714 787 1780; x_wconf 90' lang='lat' dir='ltr'><strong>nullus</strong></span> <span class='ocrx_word' id='word_1_102' title='bbox 818 1722 882 1793; x_wconf 87' lang='lat' dir='ltr'><strong>est,</strong></span> <span class='ocrx_word' id='word_1_103' title='bbox 913 1715 964 1779; x_wconf 89' lang='lat' dir='ltr'><strong>oui</strong></span> <span class='ocrx_word' id='word_1_104' title='bbox 993 1734 1056 1798; x_wconf 91' lang='lat' dir='ltr'><strong>qna</strong></span> <span class='ocrx_word' id='word_1_105' title='bbox 1087 1716 1127 1780; x_wconf 90' lang='lat' dir='ltr'><strong>de</strong></span> <span class='ocrx_word' id='word_1_106' title='bbox 1157 1732 1253 1780; x_wconf 89' lang='lat' dir='ltr'><strong>causa</strong></span> <span class='ocrx_word' id='word_1_107' title='bbox 1283 1715 1352 1778; x_wconf 88' lang='lat' dir='ltr'><strong>auri</strong></span> 
     </span>
     <span class='ocr_line' id='line_1_14' title="bbox 281 1817 1353 1900; baseline -0.002 -18"><span class='ocrx_word' id='word_1_108' title='bbox 281 1818 402 1882; x_wconf 93' lang='lat' dir='ltr'><strong>inuenti</strong></span> <span class='ocrx_word' id='word_1_109' title='bbox 417 1817 487 1881; x_wconf 88' lang='lat' dir='ltr'><strong>laus</strong></span> <span class='ocrx_word' id='word_1_110' title='bbox 502 1817 600 1882; x_wconf 89' lang='lat' dir='ltr'><strong>tribui</strong></span> <span class='ocrx_word' id='word_1_111' title='bbox 616 1819 764 1900; x_wconf 92' lang='lat' dir='ltr'><strong>potuerit,</strong></span> <span class='ocrx_word' id='word_1_112' title='bbox 780 1817 993 1900; x_wconf 83' lang='lat' dir='ltr'><strong>intellegatur.</strong></span> <span class='ocrx_word' id='word_1_113' title='bbox 1026 1817 1140 1898; x_wconf 88' lang='lat' dir='ltr'><strong>Itaque</strong></span> <span class='ocrx_word' id='word_1_114' title='bbox 1156 1817 1353 1882; x_wconf 88' lang='lat' dir='ltr'><strong>scribendum</strong></span> 
     </span>
     <span class='ocr_line' id='line_1_15' title="bbox 281 1919 1355 2003; baseline 0.001 -20"><span class='ocrx_word' id='word_1_115' title='bbox 281 1938 440 2003; x_wconf 87' lang='lat' dir='ltr'><strong>propono:</strong></span> <span class='ocrx_word' id='word_1_116' title='bbox 463 1920 627 1999; x_wconf 86' lang='lat' dir='ltr'><strong>„Thasus“</strong></span> <span class='ocrx_word' id='word_1_117' title='bbox 643 1921 693 1984; x_wconf 93' lang='lat' dir='ltr'><strong>uel</strong></span> <span class='ocrx_word' id='word_1_118' title='bbox 709 1921 879 1999; x_wconf 86' lang='lat' dir='ltr'><strong>„Thasos“.</strong></span> <span class='ocrx_word' id='word_1_119' title='bbox 903 1922 996 2003; x_wconf 84' lang='lat' dir='ltr'><strong>Apud</strong></span> <span class='ocrx_word' id='word_1_120' title='bbox 1012 1921 1213 1986; x_wconf 89' lang='lat' dir='ltr'><strong>Herodotum</strong></span> <span class='ocrx_word' id='word_1_121' title='bbox 1226 1923 1256 2000; x_wconf 72' lang='grc'><strong>3)</strong></span> <span class='ocrx_word' id='word_1_122' title='bbox 1272 1919 1355 1985; x_wconf 89' lang='lat' dir='ltr'><strong>enim</strong></span> 
     </span>
     <span class='ocr_line' id='line_1_16' title="bbox 278 2022 1356 2104; baseline -0.001 -18"><span class='ocrx_word' id='word_1_123' title='bbox 278 2023 322 2086; x_wconf 86' lang='lat' dir='ltr'><strong>VI</strong></span> <span class='ocrx_word' id='word_1_124' title='bbox 345 2024 397 2102; x_wconf 82' lang='grc'><strong>47,</strong></span> <span class='ocrx_word' id='word_1_125' title='bbox 420 2023 475 2088; x_wconf 91' lang='lat' dir='ltr'><strong>uhi</strong></span> <span class='ocrx_word' id='word_1_126' title='bbox 497 2024 537 2088; x_wconf 92' lang='lat' dir='ltr'><strong>de</strong></span> <span class='ocrx_word' id='word_1_127' title='bbox 551 2023 739 2089; x_wconf 84' lang='lat' dir='ltr'><strong>Thasiorum</strong></span> <span class='ocrx_word' id='word_1_128' title='bbox 763 2025 857 2089; x_wconf 87' lang='lat' dir='ltr'><strong>rebus</strong></span> <span class='ocrx_word' id='word_1_129' title='bbox 880 2042 982 2088; x_wconf 90' lang='lat' dir='ltr'><strong>sermo</strong></span> <span class='ocrx_word' id='word_1_130' title='bbox 1005 2033 1063 2104; x_wconf 88' lang='lat' dir='ltr'><strong>est,</strong></span> <span class='ocrx_word' id='word_1_131' title='bbox 1086 2022 1165 2088; x_wconf 91' lang='lat' dir='ltr'><strong>haec</strong></span> <span class='ocrx_word' id='word_1_132' title='bbox 1187 2023 1356 2104; x_wconf 90' lang='lat' dir='ltr'><strong>leguntur:</strong></span> 
     </span>
     <span class='ocr_line' id='line_1_17' title="bbox 281 2119 1355 2211; baseline -0.005 -20"><span class='ocrx_word' id='word_1_133' title='bbox 281 2127 383 2208; x_wconf 84' lang='lat' dir='ltr'><strong>‚,(auri</strong></span> <span class='ocrx_word' id='word_1_134' title='bbox 414 2125 558 2207; x_wconf 89' lang='lat' dir='ltr'><strong>metalla)</strong></span> <span class='ocrx_word' id='word_1_135' title='bbox 587 2123 628 2190; x_wconf 80' lang='lat' dir='ltr'><strong>cd</strong></span> <span class='ocrx_word' id='word_1_136' title='bbox 658 2121 689 2190; x_wconf 80' lang='lat' dir='ltr'><strong>ol</strong></span> <span class='ocrx_word' id='word_1_137' title='bbox 723 2122 871 2203; x_wconf 78' lang='grc' dir='ltr'><em>Φοίνικες</em></span> <span class='ocrx_word' id='word_1_138' title='bbox 901 2124 1034 2211; x_wconf 81' lang='grc' dir='ltr'><em>ἀνεῐρον</em></span> <span class='ocrx_word' id='word_1_139' title='bbox 1066 2122 1096 2190; x_wconf 83' lang='lat' dir='ltr'><strong>oi</strong></span> <span class='ocrx_word' id='word_1_140' title='bbox 1127 2123 1210 2209; x_wconf 78' lang='lat' dir='ltr'><strong>perol</strong></span> <span class='ocrx_word' id='word_1_141' title='bbox 1243 2119 1355 2188; x_wconf 81' lang='grc' dir='ltr'><em>Θάσου</em></span> 
     </span>
     <span class='ocr_line' id='line_1_18' title="bbox 277 2223 1356 2316; baseline -0.001 -25"><span class='ocrx_word' id='word_1_142' title='bbox 277 2224 447 2304; x_wconf 81' lang='grc' dir='ltr'><strong><em>κτίσαντες</em></strong></span> <span class='ocrx_word' id='word_1_143' title='bbox 468 2225 526 2314; x_wconf 80' lang='grc' dir='ltr'><strong>τὴν</strong></span> <span class='ocrx_word' id='word_1_144' title='bbox 540 2226 637 2315; x_wconf 73' lang='grc' dir='ltr'><em>νῆσον</em></span> <span class='ocrx_word' id='word_1_145' title='bbox 652 2224 779 2315; x_wconf 81' lang='grc' dir='ltr'><em>ταύτην,</em></span> <span class='ocrx_word' id='word_1_146' title='bbox 803 2223 873 2316; x_wconf 73' lang='grc' dir='ltr'><strong>ἥιις</strong></span> <span class='ocrx_word' id='word_1_147' title='bbox 897 2232 950 2292; x_wconf 82' lang='grc' dir='ltr'><strong>νῦν</strong></span> <span class='ocrx_word' id='word_1_148' title='bbox 964 2225 1023 2293; x_wconf 79' lang='grc' dir='ltr'><strong>ἐπὶ</strong></span> <span class='ocrx_word' id='word_1_149' title='bbox 1037 2227 1095 2292; x_wconf 79' lang='grc' dir='ltr'><strong>τοῦ</strong></span> <span class='ocrx_word' id='word_1_150' title='bbox 1115 2223 1227 2292; x_wconf 75' lang='grc' dir='ltr'><em>Θάσου</em></span> <span class='ocrx_word' id='word_1_151' title='bbox 1240 2224 1356 2291; x_wconf 80' lang='grc' dir='ltr'><em>τούτου</em></span> 
     </span>
     <span class='ocr_line' id='line_1_19' title="bbox 277 2326 1354 2420; baseline 0 -26"><span class='ocrx_word' id='word_1_152' title='bbox 277 2331 334 2420; x_wconf 74' lang='lat' dir='ltr'><strong>roh</strong></span> <span class='ocrx_word' id='word_1_153' title='bbox 362 2327 514 2406; x_wconf 77' lang='grc' dir='ltr'><strong><em>Φοίνικος</em></strong></span> <span class='ocrx_word' id='word_1_154' title='bbox 535 2330 574 2394; x_wconf 80' lang='grc' dir='ltr'><strong>τὸ</strong></span> <span class='ocrx_word' id='word_1_155' title='bbox 596 2326 718 2415; x_wconf 77' lang='lat' dir='ltr'><strong>olivopo</strong></span> <span class='ocrx_word' id='word_1_156' title='bbox 740 2326 842 2413; x_wconf 80' lang='grc' dir='ltr'><strong><em>ἔσχε,“</em></strong></span> <span class='ocrx_word' id='word_1_157' title='bbox 865 2350 946 2413; x_wconf 89' lang='lat' dir='ltr'><strong>quae</strong></span> <span class='ocrx_word' id='word_1_158' title='bbox 968 2333 1067 2396; x_wconf 85' lang='lat' dir='ltr'><strong>uerba</strong></span> <span class='ocrx_word' id='word_1_159' title='bbox 1087 2329 1156 2399; x_wconf 88' lang='lat' dir='ltr'><strong>fieri</strong></span> <span class='ocrx_word' id='word_1_160' title='bbox 1180 2331 1232 2396; x_wconf 86' lang='lat' dir='ltr'><strong>uix</strong></span> <span class='ocrx_word' id='word_1_161' title='bbox 1247 2331 1354 2412; x_wconf 94' lang='lat' dir='ltr'><strong>potuit</strong></span> 
     </span>
     <span class='ocr_line' id='line_1_20' title="bbox 280 2428 1355 2520; baseline -0.001 -22"><span class='ocrx_word' id='word_1_162' title='bbox 280 2434 355 2515; x_wconf 91' lang='lat' dir='ltr'><strong>quin</strong></span> <span class='ocrx_word' id='word_1_163' title='bbox 378 2433 614 2499; x_wconf 86' lang='lat' dir='ltr'><strong>heurematicus</strong></span> <span class='ocrx_word' id='word_1_164' title='bbox 635 2433 791 2500; x_wconf 91' lang='lat' dir='ltr'><strong>Herodoti</strong></span> <span class='ocrx_word' id='word_1_165' title='bbox 812 2435 928 2500; x_wconf 91' lang='lat' dir='ltr'><strong>librum</strong></span> <span class='ocrx_word' id='word_1_166' title='bbox 951 2451 1139 2515; x_wconf 86' lang='lat' dir='ltr'><strong>percurrens</strong></span> <span class='ocrx_word' id='word_1_167' title='bbox 1162 2442 1198 2498; x_wconf 90' lang='lat' dir='ltr'><strong>ut</strong></span> <span class='ocrx_word' id='word_1_168' title='bbox 1221 2428 1355 2520; x_wconf 72' lang='grc' dir='ltr'><em>ἕρμαιον</em></span> 
     </span>
     <span class='ocr_line' id='line_1_21' title="bbox 279 2535 1358 2619; baseline 0 -20"><span class='ocrx_word' id='word_1_169' title='bbox 279 2537 310 2600; x_wconf 94' lang='lat' dir='ltr'><strong>in</strong></span> <span class='ocrx_word' id='word_1_170' title='bbox 344 2536 547 2601; x_wconf 89' lang='lat' dir='ltr'><strong>conlectanea</strong></span> <span class='ocrx_word' id='word_1_171' title='bbox 579 2535 740 2602; x_wconf 86' lang='lat' dir='ltr'><strong>confestim</strong></span> <span class='ocrx_word' id='word_1_172' title='bbox 774 2538 893 2602; x_wconf 88' lang='lat' dir='ltr'><strong>iaceret</strong></span> <span class='ocrx_word' id='word_1_173' title='bbox 921 2535 974 2619; x_wconf 84' lang='lat' dir='ltr'><strong>(cl.</strong></span> <span class='ocrx_word' id='word_1_174' title='bbox 1005 2554 1101 2616; x_wconf 90' lang='lat' dir='ltr'><strong>snpra</strong></span> <span class='ocrx_word' id='word_1_175' title='bbox 1138 2556 1169 2618; x_wconf 93' lang='lat' dir='ltr'><strong>p.</strong></span> <span class='ocrx_word' id='word_1_176' title='bbox 1201 2536 1241 2600; x_wconf 86' lang='lat'><strong>13</strong></span> <span class='ocrx_word' id='word_1_177' title='bbox 1262 2536 1358 2617; x_wconf 68' lang='lat' dir='ltr'><strong>squ).</strong></span> 
     </span>
     <span class='ocr_line' id='line_1_22' title="bbox 280 2637 1358 2721; baseline -0.002 -19"><span class='ocrx_word' id='word_1_178' title='bbox 280 2638 413 2718; x_wconf 88' lang='lat' dir='ltr'><strong>Nomine</strong></span> <span class='ocrx_word' id='word_1_179' title='bbox 445 2647 551 2704; x_wconf 89' lang='lat' dir='ltr'><strong>autem</strong></span> <span class='ocrx_word' id='word_1_180' title='bbox 583 2646 723 2706; x_wconf 88' lang='lat' dir='ltr'><strong>correcto</strong></span> <span class='ocrx_word' id='word_1_181' title='bbox 754 2640 874 2721; x_wconf 89' lang='lat' dir='ltr'><strong>optime</strong></span> <span class='ocrx_word' id='word_1_182' title='bbox 904 2641 987 2704; x_wconf 90' lang='lat' dir='ltr'><strong>iuter</strong></span> <span class='ocrx_word' id='word_1_183' title='bbox 1015 2657 1051 2703; x_wconf 89' lang='lat' dir='ltr'><strong>se</strong></span> <span class='ocrx_word' id='word_1_184' title='bbox 1073 2638 1243 2703; x_wconf 90' lang='lat' dir='ltr'><strong>cohaerent</strong></span> <span class='ocrx_word' id='word_1_185' title='bbox 1265 2637 1358 2701; x_wconf 88' lang='lat' dir='ltr'><strong>amho</strong></span> 
     </span>
     <span class='ocr_line' id='line_1_23' title="bbox 282 2739 1358 2824; baseline -0.003 -19"><span class='ocrx_word' id='word_1_186' title='bbox 282 2743 387 2824; x_wconf 90' lang='lat' dir='ltr'><strong>primi,</strong></span> <span class='ocrx_word' id='word_1_187' title='bbox 410 2760 487 2824; x_wconf 90' lang='lat' dir='ltr'><strong>quos</strong></span> <span class='ocrx_word' id='word_1_188' title='bbox 510 2741 590 2806; x_wconf 92' lang='lat' dir='ltr'><strong>Plin.</strong></span> <span class='ocrx_word' id='word_1_189' title='bbox 613 2753 766 2822; x_wconf 88' lang='lat' dir='ltr'><strong>recenset,</strong></span> <span class='ocrx_word' id='word_1_190' title='bbox 796 2743 995 2816; x_wconf 89' lang='lat' dir='ltr'><strong>inuentores:</strong></span> <span class='ocrx_word' id='word_1_191' title='bbox 1028 2741 1187 2821; x_wconf 79' lang='lat' dir='ltr'><strong>„Cadmus</strong></span> <span class='ocrx_word' id='word_1_192' title='bbox 1219 2739 1358 2806; x_wconf 82' lang='lat' dir='ltr'><strong>Phoenix</strong></span> 
     </span>
     <span class='ocr_line' id='line_1_24' title="bbox 282 2842 1357 2927; baseline -0.005 -18"><span class='ocrx_word' id='word_1_193' title='bbox 282 2847 321 2909; x_wconf 88' lang='lat' dir='ltr'><strong>ad</strong></span> <span class='ocrx_word' id='word_1_194' title='bbox 345 2846 526 2927; x_wconf 84' lang='lat' dir='ltr'><strong>Pangaeum</strong></span> <span class='ocrx_word' id='word_1_195' title='bbox 550 2852 697 2926; x_wconf 85' lang='lat' dir='ltr'><strong>montem,</strong></span> <span class='ocrx_word' id='word_1_196' title='bbox 720 2854 756 2910; x_wconf 90' lang='lat' dir='ltr'><strong>ut</strong></span> <span class='ocrx_word' id='word_1_197' title='bbox 771 2845 825 2910; x_wconf 92' lang='lat' dir='ltr'><strong>alii</strong></span> <span class='ocrx_word' id='word_1_198' title='bbox 841 2845 990 2924; x_wconf 68' lang='lat' dir='ltr'><strong>Thasos‘,</strong></span> <span class='ocrx_word' id='word_1_199' title='bbox 1012 2849 1104 2909; x_wconf 88' lang='lat' dir='ltr'><strong>erant</strong></span> <span class='ocrx_word' id='word_1_200' title='bbox 1126 2845 1207 2908; x_wconf 92' lang='lat' dir='ltr'><strong>enim</strong></span> <span class='ocrx_word' id='word_1_201' title='bbox 1222 2842 1357 2921; x_wconf 82' lang='lat' dir='ltr'><strong>fratres;</strong></span> 
     </span>
     <span class='ocr_line' id='line_1_25' title="bbox 285 2946 1357 3028; baseline -0.004 -17"><span class='ocrx_word' id='word_1_202' title='bbox 285 2948 401 3011; x_wconf 87' lang='lat' dir='ltr'><strong>deinde</strong></span> <span class='ocrx_word' id='word_1_203' title='bbox 424 2951 585 3013; x_wconf 87' lang='lat' dir='ltr'><strong>secuntur:</strong></span> <span class='ocrx_word' id='word_1_204' title='bbox 609 2954 684 3028; x_wconf 89' lang='lat' dir='ltr'><strong>„aut</strong></span> <span class='ocrx_word' id='word_1_205' title='bbox 706 2949 830 3013; x_wconf 87' lang='lat' dir='ltr'><strong>Aeacus</strong></span> <span class='ocrx_word' id='word_1_206' title='bbox 851 2951 881 3012; x_wconf 90' lang='lat' dir='ltr'><strong>in</strong></span> <span class='ocrx_word' id='word_1_207' title='bbox 906 2947 1066 3014; x_wconf 84' lang='lat' dir='ltr'><strong>Panchaia</strong></span> <span class='ocrx_word' id='word_1_208' title='bbox 1088 2953 1144 3012; x_wconf 87' lang='lat' dir='ltr'><strong>aut</strong></span> <span class='ocrx_word' id='word_1_209' title='bbox 1167 2946 1248 3011; x_wconf 83' lang='lat' dir='ltr'><strong>Sol‘.</strong></span> <span class='ocrx_word' id='word_1_210' title='bbox 1272 2946 1357 3023; x_wconf 80' lang='lat' dir='ltr'><strong>Quo-</strong></span> 
     </span>
    </p>
   </div>
   <div class='ocr_carea' id='block_1_3' title="bbox 283 3206 1361 4059">
    <p class='ocr_par' dir='ltr' id='par_1_3' title="bbox 283 3206 1359 3458">
     <span class='ocr_line' id='line_1_26' title="bbox 376 3206 1358 3285; baseline -0.004 -20"><span class='ocrx_word' id='word_1_211' title='bbox 376 3209 406 3284; x_wconf 91' lang='lat'><strong>1)</strong></span> <span class='ocrx_word' id='word_1_212' title='bbox 429 3208 472 3266; x_wconf 79' lang='lat' dir='ltr'><strong>uf.</strong></span> <span class='ocrx_word' id='word_1_213' title='bbox 496 3227 585 3285; x_wconf 89' lang='lat' dir='ltr'><strong>supra</strong></span> <span class='ocrx_word' id='word_1_214' title='bbox 607 3228 636 3284; x_wconf 91' lang='lat' dir='ltr'><strong>p.</strong></span> <span class='ocrx_word' id='word_1_215' title='bbox 662 3214 677 3266; x_wconf 84' lang='lat'><strong>5</strong></span> <span class='ocrx_word' id='word_1_216' title='bbox 702 3209 769 3266; x_wconf 88' lang='lat' dir='ltr'><strong>adn.</strong></span> <span class='ocrx_word' id='word_1_217' title='bbox 793 3213 820 3265; x_wconf 79' lang='grc'><strong>2.</strong></span> <span class='ocrx_word' id='word_1_218' title='bbox 843 3207 1039 3283; x_wconf 78' lang='lat' dir='ltr'><strong>Apud&#39;Diod.</strong></span> <span class='ocrx_word' id='word_1_219' title='bbox 1062 3208 1090 3266; x_wconf 85' lang='lat' dir='ltr'><strong>V</strong></span> <span class='ocrx_word' id='word_1_220' title='bbox 1113 3211 1151 3264; x_wconf 83' lang='grc'><strong>46</strong></span> <span class='ocrx_word' id='word_1_221' title='bbox 1175 3206 1358 3264; x_wconf 87' lang='lat' dir='ltr'><strong>Panchaeam</strong></span> 
     </span>
     <span class='ocr_line' id='line_1_27' title="bbox 283 3291 1359 3371; baseline -0.002 -21"><span class='ocrx_word' id='word_1_222' title='bbox 283 3292 468 3352; x_wconf 88' lang='lat' dir='ltr'><strong>metallorum</strong></span> <span class='ocrx_word' id='word_1_223' title='bbox 501 3294 608 3371; x_wconf 89' lang='lat' dir='ltr'><strong>quouis</strong></span> <span class='ocrx_word' id='word_1_224' title='bbox 639 3312 747 3367; x_wconf 87' lang='lat' dir='ltr'><strong>genere</strong></span> <span class='ocrx_word' id='word_1_225' title='bbox 776 3294 925 3350; x_wconf 88' lang='lat' dir='ltr'><strong>abundare</strong></span> <span class='ocrx_word' id='word_1_226' title='bbox 953 3299 1097 3365; x_wconf 87' lang='lat' dir='ltr'><strong>narratur,</strong></span> <span class='ocrx_word' id='word_1_227' title='bbox 1127 3293 1162 3350; x_wconf 88' lang='lat' dir='ltr'><strong>de</strong></span> <span class='ocrx_word' id='word_1_228' title='bbox 1185 3291 1359 3349; x_wconf 86' lang='lat' dir='ltr'><strong>inuentione</strong></span> 
     </span>
     <span class='ocr_line' id='line_1_28' title="bbox 284 3380 804 3458; baseline -0.002 -21"><span class='ocrx_word' id='word_1_229' title='bbox 284 3380 403 3458; x_wconf 88' lang='lat' dir='ltr'><strong>quidem</strong></span> <span class='ocrx_word' id='word_1_230' title='bbox 426 3397 527 3436; x_wconf 86' lang='lat' dir='ltr'><strong>eorum</strong></span> <span class='ocrx_word' id='word_1_231' title='bbox 550 3398 645 3437; x_wconf 90' lang='lat' dir='ltr'><strong>sermo</strong></span> <span class='ocrx_word' id='word_1_232' title='bbox 668 3398 727 3436; x_wconf 90' lang='lat' dir='ltr'><strong>non</strong></span> <span class='ocrx_word' id='word_1_233' title='bbox 750 3384 804 3436; x_wconf 82' lang='lat' dir='ltr'><strong>est.</strong></span> 
     </span>
    </p>

    <p class='ocr_par' dir='ltr' id='par_1_4' title="bbox 284 3463 1359 3706">
     <span class='ocr_line' id='line_1_29' title="bbox 369 3463 1357 3541; baseline -0.004 -19"><span class='ocrx_word' id='word_1_234' title='bbox 369 3466 401 3540; x_wconf 82' lang='lat'><strong>2)</strong></span> <span class='ocrx_word' id='word_1_235' title='bbox 424 3463 599 3541; x_wconf 88' lang='lat' dir='ltr'><strong>Requiritur</strong></span> <span class='ocrx_word' id='word_1_236' title='bbox 629 3464 706 3521; x_wconf 86' lang='lat' dir='ltr'><strong>haud</strong></span> <span class='ocrx_word' id='word_1_237' title='bbox 736 3464 823 3522; x_wconf 89' lang='lat' dir='ltr'><strong>dubie</strong></span> <span class='ocrx_word' id='word_1_238' title='bbox 856 3463 1091 3521; x_wconf 85' lang='lat' dir='ltr'><strong>inuentoris</strong></span> <span class='ocrx_word' id='word_1_239' title='bbox 1122 3481 1238 3533; x_wconf 88' lang='lat' dir='ltr'><strong>nomen,</strong></span> <span class='ocrx_word' id='word_1_240' title='bbox 1271 3480 1357 3539; x_wconf 90' lang='lat' dir='ltr'><strong>quam</strong></span> 
     </span>
     <span class='ocr_line' id='line_1_30' title="bbox 287 3547 1359 3622; baseline -0.003 -14"><span class='ocrx_word' id='word_1_241' title='bbox 287 3552 323 3608; x_wconf 94' lang='lat' dir='ltr'><strong>ob</strong></span> <span class='ocrx_word' id='word_1_242' title='bbox 347 3569 462 3608; x_wconf 87' lang='lat' dir='ltr'><strong>causam</strong></span> <span class='ocrx_word' id='word_1_243' title='bbox 486 3569 545 3607; x_wconf 90' lang='lat' dir='ltr'><strong>non</strong></span> <span class='ocrx_word' id='word_1_244' title='bbox 569 3549 718 3607; x_wconf 86' lang='lat' dir='ltr'><strong>adsentior</strong></span> <span class='ocrx_word' id='word_1_245' title='bbox 741 3548 894 3607; x_wconf 84' lang='lat' dir='ltr'><strong>Knaaclrio</strong></span> <span class='ocrx_word' id='word_1_246' title='bbox 917 3567 946 3622; x_wconf 89' lang='lat' dir='ltr'><strong>p.</strong></span> <span class='ocrx_word' id='word_1_247' title='bbox 964 3553 1023 3605; x_wconf 79' lang='lat'><strong>589</strong></span> <span class='ocrx_word' id='word_1_248' title='bbox 1047 3549 1113 3606; x_wconf 89' lang='lat' dir='ltr'><strong>adn.</strong></span> <span class='ocrx_word' id='word_1_249' title='bbox 1134 3553 1144 3604; x_wconf 95' lang='grc'><strong>1</strong></span> <span class='ocrx_word' id='word_1_250' title='bbox 1164 3567 1202 3604; x_wconf 91' lang='lat' dir='ltr'><strong>ex</strong></span> <span class='ocrx_word' id='word_1_251' title='bbox 1218 3547 1359 3606; x_wconf 87' lang='lat' dir='ltr'><strong>Wilamo-</strong></span> 
     </span>
     <span class='ocr_line' id='line_1_31' title="bbox 284 3632 899 3706; baseline -0.01 -9"><span class='ocrx_word' id='word_1_252' title='bbox 284 3637 377 3697; x_wconf 84' lang='lat' dir='ltr'><strong>witzii</strong></span> <span class='ocrx_word' id='word_1_253' title='bbox 402 3635 571 3695; x_wconf 88' lang='lat' dir='ltr'><strong>coniectura</strong></span> <span class='ocrx_word' id='word_1_254' title='bbox 592 3634 726 3706; x_wconf 81' lang='lat' dir='ltr'><strong>„Thaso“</strong></span> <span class='ocrx_word' id='word_1_255' title='bbox 749 3632 899 3693; x_wconf 83' lang='lat' dir='ltr'><strong>scribenti.</strong></span> 
     </span>
    </p>

    <p class='ocr_par' dir='ltr' id='par_1_5' title="bbox 285 3718 1361 4059">
     <span class='ocr_line' id='line_1_32' title="bbox 372 3718 1361 3800; baseline -0.002 -22"><span class='ocrx_word' id='word_1_256' title='bbox 372 3723 403 3800; x_wconf 82' lang='lat'><strong>3)</strong></span> <span class='ocrx_word' id='word_1_257' title='bbox 426 3721 471 3781; x_wconf 85' lang='lat' dir='ltr'><strong>cf.</strong></span> <span class='ocrx_word' id='word_1_258' title='bbox 495 3721 630 3779; x_wconf 87' lang='lat' dir='ltr'><strong>Eustcth.</strong></span> <span class='ocrx_word' id='word_1_259' title='bbox 655 3721 690 3777; x_wconf 89' lang='lat' dir='ltr'><strong>ad</strong></span> <span class='ocrx_word' id='word_1_260' title='bbox 713 3719 800 3778; x_wconf 90' lang='lat' dir='ltr'><strong>Dion.</strong></span> <span class='ocrx_word' id='word_1_261' title='bbox 824 3720 889 3778; x_wconf 89' lang='lat' dir='ltr'><strong>Per.</strong></span> <span class='ocrx_word' id='word_1_262' title='bbox 914 3721 991 3789; x_wconf 85' lang='lat'>517;</span> <span class='ocrx_word' id='word_1_263' title='bbox 1014 3724 1166 3794; x_wconf 88' lang='lat' dir='ltr'><strong>praeterea</strong></span> <span class='ocrx_word' id='word_1_264' title='bbox 1188 3720 1223 3776; x_wconf 89' lang='lat' dir='ltr'><strong>de</strong></span> <span class='ocrx_word' id='word_1_265' title='bbox 1246 3718 1361 3776; x_wconf 85' lang='lat' dir='ltr'><strong>colonia</strong></span> 
     </span>
     <span class='ocr_line' id='line_1_33' title="bbox 285 3803 1358 3883; baseline -0.003 -19"><span class='ocrx_word' id='word_1_266' title='bbox 285 3808 468 3867; x_wconf 85' lang='lat' dir='ltr'><strong>Phoenicum</strong></span> <span class='ocrx_word' id='word_1_267' title='bbox 505 3809 537 3864; x_wconf 91' lang='lat' dir='ltr'><strong>in</strong></span> <span class='ocrx_word' id='word_1_268' title='bbox 577 3806 705 3864; x_wconf 77' lang='lat' dir='ltr'><strong>Thasum</strong></span> <span class='ocrx_word' id='word_1_269' title='bbox 737 3803 862 3864; x_wconf 84' lang='lat' dir='ltr'><strong>insulam</strong></span> <span class='ocrx_word' id='word_1_270' title='bbox 894 3806 1019 3864; x_wconf 88' lang='lat' dir='ltr'><strong>deducta</strong></span> <span class='ocrx_word' id='word_1_271' title='bbox 1050 3805 1167 3883; x_wconf 84' lang='lat' dir='ltr'><strong>Scymn.</strong></span> <span class='ocrx_word' id='word_1_272' title='bbox 1199 3809 1260 3862; x_wconf 85' lang='grc'><strong>660</strong></span> <span class='ocrx_word' id='word_1_273' title='bbox 1276 3823 1358 3883; x_wconf 84' lang='lat' dir='ltr'><strong>sqq.;</strong></span> 
     </span>
     <span class='ocr_line' id='line_1_34' title="bbox 287 3890 1360 3966; baseline -0.001 -18"><span class='ocrx_word' id='word_1_274' title='bbox 287 3893 373 3951; x_wconf 82' lang='lat' dir='ltr'><strong>Paua.</strong></span> <span class='ocrx_word' id='word_1_275' title='bbox 398 3894 424 3952; x_wconf 90' lang='lat' dir='ltr'>V</span> <span class='ocrx_word' id='word_1_276' title='bbox 448 3898 497 3965; x_wconf 78' lang='lat'><strong>25,</strong></span> <span class='ocrx_word' id='word_1_277' title='bbox 523 3898 578 3964; x_wconf 82' lang='lat'><strong>12;</strong></span> <span class='ocrx_word' id='word_1_278' title='bbox 609 3890 914 3966; x_wconf 79' lang='lat' dir='ltr'><strong>Apollod.bibl.111</strong></span> <span class='ocrx_word' id='word_1_279' title='bbox 940 3897 964 3963; x_wconf 90' lang='lat' dir='ltr'><strong>l,</strong></span> <span class='ocrx_word' id='word_1_280' title='bbox 993 3896 1017 3962; x_wconf 91' lang='lat'><strong>1,</strong></span> <span class='ocrx_word' id='word_1_281' title='bbox 1042 3896 1076 3963; x_wconf 78' lang='lat'><strong>83</strong></span> <span class='ocrx_word' id='word_1_282' title='bbox 1099 3891 1211 3951; x_wconf 73' lang='lat' dir='ltr'><strong>Conon.</strong></span> <span class='ocrx_word' id='word_1_283' title='bbox 1235 3891 1291 3963; x_wconf 82' lang='grc'><strong>87;</strong></span> <span class='ocrx_word' id='word_1_284' title='bbox 1319 3923 1360 3932; x_wconf 97' lang='grc'>-</span> 
     </span>
     <span class='ocr_line' id='line_1_35' title="bbox 287 3974 1241 4059; baseline 0.002 -25"><span class='ocrx_word' id='word_1_285' title='bbox 287 3978 386 4036; x_wconf 87' lang='lat' dir='ltr'><strong>Odofr.</strong></span> <span class='ocrx_word' id='word_1_286' title='bbox 414 3978 548 4040; x_wconf 85' lang='lat' dir='ltr'><strong>Mueller.</strong></span> <span class='ocrx_word' id='word_1_287' title='bbox 576 3974 716 4041; x_wconf 74' lang='lat' dir='ltr'><strong>Orchom.</strong></span> <span class='ocrx_word' id='word_1_288' title='bbox 739 3997 771 4039; x_wconf 76' lang='lat' dir='ltr'><strong>u.</strong></span> <span class='ocrx_word' id='word_1_289' title='bbox 794 3974 824 4039; x_wconf 77' lang='lat' dir='ltr'><strong>d.</strong></span> <span class='ocrx_word' id='word_1_290' title='bbox 847 3974 988 4059; x_wconf 76' lang='lat' dir='ltr'><strong>Minycr.</strong></span> <span class='ocrx_word' id='word_1_291' title='bbox 1016 3980 1095 4034; x_wconf 80' lang='lat'>1844</span> <span class='ocrx_word' id='word_1_292' title='bbox 1118 3996 1145 4052; x_wconf 93' lang='lat' dir='ltr'><strong>p.</strong></span> <span class='ocrx_word' id='word_1_293' title='bbox 1173 3980 1241 4036; x_wconf 89' lang='grc'><strong>109.</strong></span> 
     </span>
    </p>
   </div>
   <div class='ocr_carea' id='block_1_4' title="bbox 0 0 1607 4886">
    <p class='ocr_par' dir='ltr' id='par_1_6' title="bbox 0 0 1607 4886">
     <span class='ocr_line' id='line_1_36' title="bbox 0 0 1607 4886; baseline 0 0"><span class='ocrx_word' id='word_1_294' title='bbox 0 0 1607 4886; x_wconf 95' lang='lat' dir='ltr'><strong> </strong></span> 
     </span>
    </p>
   </div>
  </div>
 </body>
</html>
