3184 4886
713 429 925 496 -00..

281 602 319 682 „1
344 605 374 666 Γ
368 594 548 686 εωμετρίαν
578 597 639 684 μὲν
666 595 728 685 γάρ
757 595 813 663 καί
849 600 870 664 2
898 591 1118 684 ἀστρονομίαν
1149 595 1366 684 Αἰγυπτίους

283 696 435 788 πρώτους
456 697 621 789 εὑρηκέναι
643 697 760 788 φασίν·
789 701 810 766 3
836 692 1033 790 ἀστρολογία
1056 698 1171 766 δὲκαὶ
1193 701 1361 788 γενεθλια-

280 799 374 890 λογία
395 801 575 871 Χαλδαίων
596 797 718 890 εὕρημα
741 801 876 890 λέγεται.
898 799 1081 891 4”Αραβες
1103 801 1140 872 δὲ
1160 801 1218 870 καί
1237 797 1376 890 Φρύγες

280 901 539 996 οἰωνοσκοπικὴν
554 903 733 994 ἐπενόησαν
756 908 901 994 πρῶτοι·
925 900 977 972 ὅτι
998 904 1036 974 δὲ
1057 904 1114 972 καί
1135 908 1157 975 5
1179 901 1367 994 ἧσάλπιγξ

284 1011 433 1096 Τυρρηνιῖ
435 1035 452 1074 ν
482 1007 572 1075 ε’στιν
600 1004 702 1095 ἔργον,
731 1007 788 1074 καί
816 1009 837 1073 6
866 1001 960 1076 αὐλοί
986 1007 1144 1096 Φρυγιῖν,Ι
1166 1008 1362 1076 διδάσκουσι

279 1109 340 1197 μὲν
362 1107 397 1177 αί
418 1107 605 1198 τραγῳδία,
628 1110 820 1179 διδάσκουσι
842 1110 880 1177 δὲ
894 1109 977 1197 μετά
999 1106 1123 1179 τούτων
1144 1106 1180 1176 αί
1204 1107 1364 1198 ἱστορίαι,

279 1212 352 1280 Καὶ
376 1217 395 1281 ’ί
417 1212 460 1280 τά
480 1209 657 1301 γράμματα
687 1213 724 1280 δὲ
758 1209 915 1292 Φοίνικας
943 1209 1106 1301 εὑρηκέναι
1128 1212 1359 1298 λογοποιοῦσιν

282 1310 312 1382 οί
326 1311 484 1402 Ἓλληνες,
507 1315 564 1383 καί
580 1316 637 1382 τίν
659 1316 799 1401 Κάδμον
813 1317 915 1381 ταῦτα
930 1320 1063 1403 πρῶτον
1084 1312 1133 1394 είς
1146 1314 1204 1405 τὴν
1217 1311 1359 1382 (Ελλάδα

283 1413 429 1502 κομίσαι.
458 1420 478 1485 8
508 1415 653 1508 ἰατρικῆς
681 1417 719 1485 δὲ
741 1413 841 1508 ἀρξαι
863 1415 920 1484 τδν
936 1409 1043 1485 ’Λπίν
1065 1439 1149 1506 φασι
1169 1416 1226 1484 τδν
1247 1414 1356 1502 Αίγύ-

281 1542 388 1602 πτιον,
411 1512 485 1586 εἶτα
505 1520 562 1586 τίν
582 1520 785 1609 Ἀσκληπιὸν
807 1515 945 1610 αὐξῆσαι
968 1519 1024 1610 τὴν
1045 1519 1165 1610 τέχνην.
1187 1523 1208 1588 9
1231 1519 1366 1608 σκάφος

284 1620 322 1688 δὲ
343 1627 476 1709 πρῶτον
506 1623 542 1689 ἐν
563 1625 678 1713 Λιβύη
700 1628 943 1712 νανπηγηδίναι
965 1622 1141 1710 λέγουσιν.“

367 1726 458 1793 Ηευε
481 1728 694 1794 narrationem
711 1747 728 1794 ε
744 1728 916 1794 Clementis
932 1727 1083 1796 thesauro
1099 1727 1273 1794 delibatam
1289 1744 1360 1794 esse

281 1827 432 1895 facillime
447 1829 683 1897 demonstratur
698 1835 737 1908 ¹).
773 1830 964 1896 Theodoreti
979 1831 1062 1895 enim
1077 1831 1116 1914 ξς
1130 1827 1215 1896 529
1229 1846 1367 1912 prorsus

281 1939 458 2014 congruunt
480 1951 552 1998 cum
567 1931 738 1999 Clementis
759 1933 797 2016 ἕξ
822 1932 949 1998 11-15
964 1937 1060 2016 atque
1081 1935 1129 1999 ita
1151 1933 1290 2015 qnidam,
1311 1936 1362 2014 ut,

280 2033 335 2100 ubi
366 2036 464 2102 uerba
495 2053 555 2100 non
587 2036 698 2100 eadem
731 2035 889 2116 leguntur,
924 2038 1008 2118 apud
1042 2035 1277 2101 Theodoratum
1306 2053 1360 2102 ras

280 2142 464 2203 contractae
486 2137 559 2203 sint.
603 2136 710 2201 Verba
732 2145 839 2202 autem
862 2139 881 2221 ξ
903 2139 1001 2222 5sq.:
1024 2131 1097 2220 ,ὅτι
1120 2189 1127 2204 .
1150 2187 1159 2204 .
1182 2187 1191 2203 .
1215 2187 1240 2219 .,
1264 2131 1365 2203 διδά-Υ

280 2258 395 2303 σκουσι
417 2236 477 2322 μὲν
507 2231 542 2302 αί
571 2234 760 2324 τραγῳδίαι,
791 2238 984 2306 διδάσκουσι
1018 2238 1055 2305 δὲ
1075 2239 1158 2324 μετά
1180 2240 1303 2310 τούτων
1324 2233 1360 2305 αἱ

280 2335 454 2425 ίστορίαιίί,
479 2340 623 2422 quamuis
654 2341 825 2424 singularis
855 2343 1018 2409 doctrinae
1048 2346 1186 2426 speciem
1217 2361 1295 2425 prae
1325 2360 1365 2408 se

279 2441 394 2522 ferant,
417 2447 523 2507 tamen
548 2461 567 2506 a
589 2442 786 2509 Theodoreto
815 2446 885 2528 ipso
917 2447 1139 2512 ostentationis
1161 2447 1267 2528 gratia
1289 2462 1365 2510 esse·

280 2544 407 2611 adiecta
428 2545 460 2609 in
483 2545 653 2627 propatulo
675 2552 734 2628 est,
758 2548 946 2628 praesertim
970 2565 1040 2612 cnm
1063 2548 1115 2613 ille
1131 2550 1242 2615 eadem
1258 2547 1358 2613 uerba

279 2649 407 2730 saepius
435 2647 618 2714 adhibuerit
646 2647 800 2714 formulae
829 2652 993 2716 cuiusdam
1022 2651 1109 2717 uice:
1139 2650 1364 2734 114;121;

198 2781 206 2792 ¹
279 2749 330 2818 111
351 2752 410 2832 233
434 2751 477 2834 (X
497 2750 565 2832 41).

365 2854 488 2919 Deinde
518 2853 710 2920 Theodoreti
742 2854 760 2936 ξ
783 2853 885 2934 prima
908 2854 1082 2923 Clementis
1105 2858 1131 2940 ’ξ
1153 2855 1174 2922 5
1197 2855 1363 2942 exprimit..

280 2955 343 3022 Sed
365 2956 440 3039 §ss
462 2962 495 3021 et
517 2956 538 3021 3
560 2955 690 3022 aciem.
707 2957 852 3040 catalogo
874 2958 954 3024 adeo
984 2959 1181 3042 discrepant,
1210 2966 1246 3023 ut
1273 2978 1364 3042 ysne--

281 3055 480 3157 ολιαλογίας
501 3067 559 3125 aut
580 3062 667 3142 apud
684 3060 878 3127 Clementem
899 3065 958 3126 aut
978 3061 1134 3129 similibus
1155 3061 1218 3128 illis
1239 3063 1359 3128 oetero-

279 3178 349 3224 rum
372 3159 623 3227 Christianorum
645 3164 723 3229 loeis
744 3164 870 3229 omnino
886 3183 946 3228 non
961 3162 1019 3230 fiat
1034 3165 1159 3230 mentio.
1204 3165 1365 3244 Attamen

280 3264 469 3330 contendere
493 3263 598 3329 nullus
620 3265 732 3332 dubito
755 3267 796 3331 ad
813 3267 968 3333 neminem
990 3267 1050 3332 nisi
1066 3268 1107 3332 ad
1123 3267 1357 3333 Theodoretum

279 3366 384 3449 ipsum
407 3365 490 3430 hano
512 3366 760 3448 discrepantiam
782 3386 851 3435 esse
874 3368 1082 3451 referendam,
1104 3369 1221 3453 quippe
1244 3368 1297 3452 qui
1320 3385 1358 3434 ea

279 3488 362 3553 qnae
384 3466 507 3549 legerat
529 3470 698 3536 emendare
719 3470 866 3536 uoluerit.
910 3471 991 3551 Nam
1014 3479 1051 3537 ut
1072 3491 1111 3538 aa
1126 3472 1238 3538 melius
1252 3472 1361 3553 dispo·

279 3577 379 3651 neret,
401 3589 483 3654 quae
506 3569 602 3636 Olem.
625 3573 679 3654 §1
702 3573 1032 3655 comprehenduntur:
1054 3570 1261 3659 ,Αἰγύπτιοι
1283 3621 1292 3638 .
1315 3622 1324 3638 .
1348 3622 1357 3638 .

280 3666 512 3762 ἀστρολογίαν,
543 3667 667 3758 ὁμοίως
697 3671 735 3740 δὲ
765 3671 822 3739 καί
854 3674 1053 3758 Χαλδαῖοάί,
1087 3679 1157 3760 ipsc
1190 3675 1362 3761 Aegyptiis

288 3923 307 3969 J
369 3902 398 3977 l)
429 3901 494 3966 Iam
516 3902 655 3960 Potterus
686 3901 722 3959 ad
745 3901 835 3960 (llam.
858 3906 909 3964 sir.
932 3903 949 3962 I
975 3906 1011 3962 16
1033 3922 1062 3980 p.
1086 3907 1147 3963 362
1177 3903 1361 3963 Clementem

278 3984 370 4044 fuisse
393 3985 570 4046 Theodoreti
592 3986 707 4046 iontem
728 3987 947 4048 animaduertit.
