3184 4886
648 413 861 478 ..79-

215 602 310 665 quam
332 581 426 648 facile
448 583 653 648 Romanus
674 588 786 650 auctor
809 584 918 649 Parcis
939 583 1112 666 primordia
1134 585 1292 650 scribendi

215 686 402 769 litterasque
431 686 577 752 inuentas
607 686 778 768 adsignare
807 689 956 769 potuerit,
988 705 1079 752 nemo
1101 688 1292 752 heuremati-

216 807 324 854 corum
347 789 524 854 studiorum
547 789 670 871 peritus
692 808 752 854 non
775 791 949 873 intelleget.
974 789 1039 856 Cur
1053 795 1159 855 autem
1182 789 1236 855 ille
1252 792 1292 855 de

216 897 337 972 septem
361 893 447 958 dicat
476 893 612 972 litteris,
644 911 705 958 non
739 893 906 974 intellego,
937 893 994 957 nisi
1024 894 1149 959 omnino
1170 900 1292 974 septem

215 995 339 1059 litteras
375 997 495 1077 primas
531 997 678 1061 inuentos
717 1015 785 1062 esse
823 996 976 1078 coniecit,
1014 996 1129 1079 quibus
1166 1001 1291 1062 ceterae

216 1097 364 1179 deinceps
388 1100 598 1164 adderentur:
632 1117 726 1179 quam
756 1098 854 1164 hrisse
878 1099 963 1164 illius
988 1101 1176 1164 sententiam
1199 1117 1237 1164 ea
1260 1116 1293 1161 re

216 1199 350 1264 indicari
381 1201 519 1283 uidetur,
550 1203 633 1282 quod
660 1201 769 1266 statim
795 1202 828 1284 (ξ
853 1202 926 1283 310)
948 1201 1092 1266 exhibet:
1127 1199 1291 1284 „Palame-

217 1302 273 1366 des
296 1350 304 1366 .
329 1353 336 1366 .
359 1352 367 1368 .
389 1304 541 1368 inuenit.
566 1356 572 1368 .
597 1353 604 1367 .
637 1305 763 1369 litteras
791 1304 964 1368 undecim“.
1003 1303 1063 1368 His
1094 1304 1177 1367 enim
1209 1322 1292 1368 com·

216 1405 342 1484 putatis
364 1425 513 1471 numerus
540 1407 578 1473 18
601 1408 780 1472 litterarum
810 1404 956 1485 efficitur,
986 1425 1078 1489 quem
1102 1406 1292 1470 Aristoteles

216 1509 392 1589 priscarum
416 1509 596 1574 litterarum
613 1528 776 1574 numerum
792 1507 889 1574 fuisse
904 1508 1007 1574 Plinio
1029 1510 1073 1591 (n.
1089 1506 1120 1572 11
1135 1508 1199 1572 VII
1216 1508 1291 1590 192)

112 1639 113 1644 1
216 1617 298 1675 teste
320 1611 547 1693 comprobauit.
571 1649 612 1659 -
636 1611 734 1694 Signa
756 1620 862 1676 autem
886 1611 1064 1676 litterarum
1088 1617 1238 1692 corrupta
1261 1612 1292 1675 in

220 1720 285 1776 tam
311 1713 435 1779 incerta
466 1734 500 1779 re
530 1715 625 1779 nolim
655 1721 787 1780 tentare.
832 1712 943 1796 Neque
972 1714 1111 1795 percipio
1140 1732 1202 1796 quo
1225 1714 1293 1778 iure

216 1813 410 1881 Schmidtius
432 1822 489 1882 aut
511 1826 584 1899 post
605 1816 782 1898 „Parcae“:
815 1816 868 1899 „id
895 1817 964 1881 est“
995 1816 1205 1898 supplendum
1236 1821 1293 1880 aut

217 1916 350 1998 „Clotho
373 1919 526 1985 Lachesis
549 1920 705 2002 Atropos“
727 1921 894 1985 nominas
916 1925 1006 1983 textu
1028 1918 1200 2000 releganda
1221 1937 1292 1984 cen·

214 2020 335 2101 suerit;
360 2040 431 2085 nam
454 2041 493 2086 ex
516 2022 618 2088 Seruii
641 2023 707 2087 loco
730 2023 835 2086 -ad
859 2021 951 2102 Verg.
969 2023 1045 2086 Aea.
1066 2021 1157 2086 122:
1181 2021 1292 2104 „(Par·

215 2125 338 2206 aarum)
360 2143 423 2189 una
446 2125 595 2208 loquitur,
617 2126 720 2190 altero
742 2125 864 2206 scribit,
895 2124 960 2189 alia
990 2123 1045 2189 fila
1067 2123 1217 2188 deducit“
1251 2161 1293 2170 -

214 2225 241 2290 si
264 2227 350 2310 quid,
364 2212 458 2293 ¹certe
480 2229 540 2294 hoc
556 2227 753 2294 efficeretur:
784 2229 854 2292 uni
882 2228 1055 2293 Parcarum
1079 2227 1291 2292 inuentionem

215 2328 396 2395 litterarum
418 2331 627 2396 addicendam
652 2349 739 2412 esse3
762 2332 845 2413 quod
869 2329 912 2394 nil
935 2331 976 2394 ad
999 2330 1170 2411 Hyginum.
1198 2367 1233 2376 -

301 2431 320 2514 ξ
343 2433 407 2497 31b
429 2434 504 2515 „alii
527 2434 637 2498 dicunt
660 2433 852 2499 Mercurium
874 2449 912 2496 ex
934 2451 1047 2514 gruum
1071 2431 1190 2513 uolatu,
1212 2451 1294 2514 quae

216 2553 287 2600 cum
311 2536 422 2601 nolant
437 2535 566 2601 litteras
581 2535 792 2619 exprimunt.“
817 2535 974 2600 Mercurio
989 2535 1170 2599 litterarum
1185 2535 1293 2600 inuen-

216 2638 333 2703 tionem
363 2639 447 2704 inter
475 2640 555 2704 alios
585 2639 737 2721 plurimos
770 2638 919 2703 attribuit
952 2638 1117 2703 Mnaseas:
1148 2637 1185 2703 cf.
1216 2639 1291 2703 Luc.

217 2740 329 2806 Tarrh.
353 2743 385 2806 in
408 2742 547 2808 Beklreri
569 2742 628 2808 AG
650 2763 681 2824 p.
706 2741 778 2824 783,
802 2742 862 2822 173
891 2746 1093 2826 comantem
1116 2742 1293 2821 exemplum

218 2845 391 2926 sumpsisse
413 2865 433 2910 a
454 2864 568 2928 gruum
592 2845 700 2910 uolatu
721 2863 801 2910 unus
816 2846 910 2910 testis
925 2849 976 2910 est
992 2844 1210 2909 Cassiodorius
1225 2862 1292 2907 nar.

218 2947 296 3012 VIII
320 2949 376 3014 12:
406 2948 580 3032 „(litteras)
602 2949 750 3029 primum,
782 2953 817 3011 ut
840 2945 1034 3027 frequentior
1055 2946 1157 3011 tradit
1178 2944 1294 3026 opinio,

219 3049 405 3132 Mercurius,
427 3058 573 3134 repertor
588 3052 702 3114 artium
718 3050 901 3130 multarum,
916 3048 1025 3112 uolatu
1042 3049 1293 3129 Strymoniarum

218 3154 325 3222 auium
357 3154 530 3236 conlegisse
561 3160 762 3218 memoratur.
794 3170 865 3217 nam
896 3155 929 3216 et
959 3151 1054 3215 hodie
1086 3171 1190 3232 grues,
1221 3170 1291 3216 cum

219 3256 393 3339 classem1)
423 3257 613 3338 consociant,
646 3253 809 3337 alphabeti
843 3253 961 3319 formas
990 3260 1105 3319 natura
1133 3254 1294 3319 imbuente

219 3357 475 3441 describunt“²).
507 3358 616 3440 Neque
638 3359 721 3423 enim
744 3357 808 3422 scio
831 3376 871 3422 an
894 3357 926 3420 in
949 3356 1162 3421 testimonium
1186 3357 1293 3421 uocari

309 3505 339 3575 1)
360 3501 520 3574 „classem“
543 3500 672 3558 correxit
694 3497 866 3557 Knaackius
888 3517 941 3573 pro
964 3496 1104 3569 „classe“.

306 3588 337 3664 2)
360 3588 417 3646 Hic
440 3587 622 3662 repudianda
644 3590 689 3643 est
710 3585 880 3644 coniectura
901 3583 1056 3654 Knaackii,
1079 3583 1115 3639 ad
1138 3600 1226 3660 quam
1248 3581 1293 3638 in·

220 3675 324 3734 ductus
346 3680 391 3733 est
413 3673 510 3731 studio
533 3691 585 3729 suo
608 3671 735 3745 uestigia
757 3669 961 3748 exquisitioris
983 3668 1134 3728 doctrinae
1149 3669 1180 3724 in
1197 3666 1292 3742 Hygi-

220 3760 310 3818 niana
331 3763 472 3819 memoria
501 3756 669 3831 indagandi.
714 3755 917 3814 Cassiodorius
945 3753 966 3812 l.
988 3755 1007 3812 l.
1036 3759 1192 3831 postquam
1216 3753 1293 3808 Mer·

220 3844 531 3922 curiumhilitterarum
563 3843 748 3900 inuentorem
782 3839 904 3899 summis
935 3840 1072 3898 laudibus
1102 3837 1292 3914 praedicauit,

221 3933 295 3991 haec
317 3933 409 3991 uerba
431 3929 570 3988 exhibet:
592 3971 629 4000 „.
654 3971 660 3984 .
683 3970 690 3986 .
713 3927 785 3985 hine
807 3925 1020 3997 Hellenos,
1041 3931 1144 3984 auctor
1166 3924 1293 3984 Graeco-

221 4037 294 4092 rum,
318 4017 404 4096 plura
426 4015 504 4074 dixit
525 4013 634 4073 eximie
656 4013 796 4072 uirtutem
827 4013 891 4070 eius
921 4010 952 4088 (i.
976 4029 1001 4069 e.
1024 4010 1186 4090 alphabeti)
1216 4029 1293 4070 oom-
