3190 4882
714 345 929 410 ..15-

287 533 475 618 conligatur.
519 536 566 600 Ac
595 535 732 618 primum
762 534 891 615 quidem
921 551 992 600 cum
1019 533 1125 602 omnia
1146 539 1204 598 aut
1228 534 1364 600 aliorum

282 641 447 703 auctorum
469 637 589 719 apertis
611 636 717 703 uerbis
739 635 971 717 confirmentur,
993 641 1051 701 aut
1073 637 1270 718 argumentis
1286 637 1364 702 satis

283 740 404 806 idoneis
426 739 604 821 probabilia
626 739 714 822 fiant,
748 759 807 805 non
845 741 885 805 de
913 737 1037 819 fraude,
1070 757 1130 805 non
1159 740 1200 805 de
1230 737 1364 804 fallaciis

283 842 406 924 Assyrii
437 842 501 907 ullo
532 843 625 906 modo
655 843 787 924 cogitari
810 845 927 924 potest.
970 840 1106 922 Propter
1127 840 1363 907 multitudinem

282 949 389 1009 autem
413 944 619 1026 singularum,
650 962 732 1025 quae
761 949 960 1022 enarrantur,
993 960 1099 1009 rerum
1122 941 1292 1008 uerisimile
1314 947 1364 1007 est

283 1063 356 1110 eum
378 1063 479 1127 noque
501 1045 580 1111 haec
602 1046 707 1111 omnia
737 1065 754 1112 e
776 1063 834 1111 sua
856 1045 1007 1112 memoria
1037 1045 1068 1109 iu
1092 1044 1236 1111 chartam
1260 1045 1363 1111 conie-

284 1149 365 1214 cisse
386 1166 488 1230 neque
510 1149 614 1230 ipsum
631 1149 843 1230 conquirendo
858 1148 1040 1230 catalogum
1055 1146 1244 1213 coniecisse:
1267 1147 1362 1211 immo

284 1249 399 1315 librum
422 1255 497 1316 ante
519 1249 626 1316 oculos
641 1249 790 1316 habuisse
805 1249 934 1316 uidetur
949 1248 1113 1328 Tatianus,
1135 1268 1198 1330 quo
1215 1253 1363 1328 congesta

284 1355 375 1418 erant
396 1352 590 1417 heuremata.
624 1352 693 1417 Hoc
715 1371 776 1418 non
793 1351 894 1416 solum
910 1351 928 1433 ξ
945 1352 984 1416 17
1001 1351 1235 1433 comprobatur,
1250 1354 1362 1430 utpote

284 1472 365 1536 quae
387 1454 529 1536 intellegi
552 1458 688 1536 nequeat
710 1453 771 1519 nisi
802 1473 871 1519 carn
895 1474 913 1519 e
935 1453 1017 1519 libro
1040 1479 1075 1520 π.
1099 1447 1162 1535 aia.
1175 1452 1362 1531 ,conscripto

284 1556 454 1621 deductam
476 1573 545 1620 esee
568 1557 768 1636 coniciamus,
798 1557 854 1621 sed
886 1555 983 1621 etiarn
1002 1575 1040 1622 ea
1062 1575 1097 1622 re
1119 1557 1362 1621 demonstratur,

282 1657 366 1740 quod
388 1657 625 1723 diuersissimas
655 1678 692 1723 ao
714 1658 943 1724 dissimillimas
965 1677 1017 1724 res
1039 1659 1071 1724 in
1102 1677 1198 1722 unum
1222 1674 1363 1739 compre-

283 1759 475 1824 henduntur.
519 1759 619 1840 Spero
642 1766 749 1826 autem
771 1761 839 1827 fore
868 1767 905 1825 ut
927 1761 1107 1826 accuratius
1129 1761 1170 1825 de
1191 1759 1279 1825 fonte
1301 1761 1361 1824 Ta·
1392 1765 1395 1769 '

283 1861 364 1926 tiani
385 1861 570 1942 iudicemus,
594 1869 762 1945 postquam
791 1869 825 1928 et
847 1863 1020 1929 Clementis
1049 1868 1083 1928 et
1105 1860 1252 1942 Gregorii
1274 1865 1362 1926 cata-

284 1963 372 2046 logos
395 1965 630 2045 inspexerimus.

638 2586 761 2679 Caput
786 2591 1008 2664 secundum.

371 2774 476 2856 Atque
509 2772 699 2838 Clemens
736 2773 864 2854 quidem
898 2775 1215 2841 Alexandrinus
1252 2773 1361 2837 eodem

284 2882 381 2956 atque
396 2874 550 2940 Tatianus
573 2875 702 2940 consilio
717 2875 884 2940 historiam
900 2877 1099 2942 inuentorum
1115 2879 1146 2943 iu
1164 2895 1254 2941 nsum
1269 2892 1360 2938 suum

285 2976 429 3055 contulit,
450 2982 486 3041 ut
509 2976 646 3042 Graecos
668 2995 791 3041 omnem
815 2995 904 3042 suam
927 2979 1128 3059 sapientiam,
1151 2985 1248 3058 arten,
1270 2976 1361 3041 insti-

285 3084 358 3143 tuta
381 3098 400 3142 a
423 3079 566 3143 barbaris
589 3086 751 3145 mutuatos
774 3086 962 3162 cessatque
985 3082 1209 3148 recentissimis
1235 3080 1361 3144 demum

284 3180 480 3262 temporibus
519 3183 561 3244 ad
593 3182 767 3247 humanum
801 3183 988 3264 ciuilemque
1026 3184 1145 3248 cultum
1180 3182 1362 3264 peruenisse

286 3283 516 3365 comprobaret.
562 3283 716 3364 copiosus
748 3284 846 3366 igitur
878 3279 1064 3372 εὑρημάτων
1096 3285 1277 3366 catalogus,
1308 3283 1362 3366 qui

291 3381 514 3470 Στρωματέων
535 3385 608 3451 libri
630 3387 645 3449 I
667 3387 772 3468 capite
794 3387 870 3453 XVI
885 3390 1072 3464 continetur,
1094 3389 1125 3452 in
1149 3390 1229 3452 duas
1251 3387 1363 3451 distin·

172 3475 174 3482 ’
285 3487 394 3570 guitur
434 3494 559 3569 partes,
599 3507 732 3569 quarum
772 3489 908 3558 alteram
940 3509 1001 3556 non
1033 3491 1101 3556 aine
1140 3490 1226 3556 iusta
1267 3507 1364 3554 causa

284 3591 413 3656 interim
443 3591 636 3656 omittamus.
688 3591 796 3657 Priore
823 3599 930 3658 autem
961 3601 1053 3675 parte
1082 3594 1125 3659 49
1156 3594 1363 3660 barbarorum

285 3693 414 3759 inuenta
446 3699 658 3774 recensentur,
688 3713 769 3776 quac
801 3694 955 3760 dissoluto
980 3685 1170 3762 narrationis
1207 3701 1365 3770 contextu,

285 3796 395 3860 ordine
417 3803 524 3860 tamen
548 3802 676 3860 seruato
698 3797 745 3863 ita
767 3798 1004 3880 transscribam,
1027 3805 1064 3863 ut
1087 3804 1202 3865 natura
1225 3800 1364 3882 catalogi

286 3898 395 3966 statim
418 3897 639 3980 perspiciatur.
