3184 4886
658 425 870 494 -87-

228 614 297 662 esse
319 597 474 663 adnexum
502 597 663 676 noemma,
686 599 733 663 ita
748 605 784 664 ut
809 618 847 665 ex
871 600 999 665 inuento
1015 605 1180 680 repetatur
1204 592 1310 663 αἴτιον

230 701 343 782 moris;
367 700 484 765 similia
507 701 545 782 ξς
568 701 608 764 27
631 706 665 764 et
687 701 729 766 36
745 702 954 780 continentur,
977 721 1058 783 quae
1074 700 1126 766 uel
1149 703 1191 766 ad
1207 703 1307 767 aetio-

229 803 331 881 logica
359 802 409 866 uel
441 803 482 867 ad
506 804 715 885 antiquitates
745 811 900 885 spectant.
947 807 993 868 Ac
1015 804 1107 869 simul
1131 804 1225 869 iidem
1249 805 1308 869 loci

231 895 337 970 fusius
354 905 543 986 pertractati
560 911 644 986 sunt,
667 925 761 988 quam
784 907 816 970 in
832 907 986 988 catalogis
1001 907 1226 973 heurematicis
1241 905 1307 971 fieri

231 1007 330 1087 solet,
361 1007 435 1089 quin
466 1009 562 1075 etiam
593 1010 613 1091 ξ
643 1010 683 1077 18
715 1011 769 1092 (de
800 1011 974 1092 Agnodice)
1007 1009 1174 1074 exhibetur
1201 1008 1310 1075 fabula

231 1111 569 1193 heurematographica
591 1111 808 1193 copiosissima
837 1131 874 1178 ac
904 1113 996 1195 pleno
1018 1113 1128 1177 ordine
1150 1119 1307 1178 enarrata.

230 1212 315 1278 Illud
338 1222 445 1280 autem
470 1214 608 1294 catalogi
630 1215 803 1296 Hyginiaui
834 1233 911 1297 prae
931 1215 1045 1280 ceteris
1066 1215 1228 1296 proprium
1251 1223 1309 1296 est,

231 1315 289 1380 hoc
311 1322 479 1398 praeterea
500 1316 568 1382 solo
590 1318 621 1381 iu
644 1317 789 1399 catalogo
805 1317 951 1398 Gregorii
967 1315 1045 1382 Nan.
1060 1317 1310 1398 deprehenditur

233 1418 285 1500 (ἐξ
307 1420 327 1484 8
350 1424 383 1484 et
407 1421 469 1498 10).
1311 1413 1313 1420 ’

318 1521 428 1601 Quid?
456 1540 558 1586 nonne
589 1524 650 1587 iam
674 1542 711 1588 eo
733 1524 947 1605 peremimus,
976 1527 1012 1587 ut
1035 1523 1214 1603 disceptare
1236 1541 1309 1603 pos-

232 1625 340 1702 simus,
363 1642 443 1704 quae
465 1625 664 1690 necessitudo
687 1626 864 1690 intercedat
887 1625 969 1690 inter
985 1630 1081 1706 caput
1096 1625 1160 1691 274
1175 1631 1208 1689 et
1224 1626 1285 1691 277
1294 1627 1309 1690 l

234 1727 348 1791 Adhuc
378 1727 461 1791 enim
492 1727 553 1792 uiri
585 1728 670 1792 docti
704 1729 785 1793 hanc
815 1729 1029 1809 quaestionem
1053 1744 1113 1792 non
1136 1726 1309 1793 soluerunt.

233 1829 404 1895 Schneider
426 1829 564 1912 quidem,
588 1830 642 1912 qui
657 1833 904 1896 controuersiam
921 1831 1021 1895 mouit
1036 1828 1089 1911 (cf.
1106 1829 1212 1911 infra),
1232 1830 1310 1896 haec

230 1933 338 2014 capita
372 1951 431 1997 non
465 1934 605 1998 eiusdem
637 1933 768 2016 originis
805 1953 875 2001 esse
909 1933 1080 2000 contendit.
1135 1933 1310 1998 Bursianus

231 2042 347 2115 autem,
371 2053 549 2116 quanquam
574 2035 756 2111 Schneidcri
780 2037 969 2102 sententiam
984 2040 1072 2102 recte
1095 2033 1220 2114 refellit,
1242 2053 1308 2098 am-

210 2137 333 2203 ·bobus
377 2137 536 2220 capitibus
574 2157 669 2204 unum
704 2138 785 2205 effici
823 2157 936 2221 corpus
975 2156 1035 2203 non
1068 2137 1309 2203 demonstrauit.

232 2241 350 2307 Tamen
373 2239 521 2306 facillime
544 2241 646 2309 euinoi
668 2247 782 2322 potest
827 2241 936 2306 Indole
951 2241 1045 2322 enim,
1068 2240 1194 2322 qualem
1217 2240 1309 2305 modo

236 2344 398 2426 descripsi,
421 2361 488 2426 cap.
512 2342 576 2408 274
598 2348 631 2410 et
653 2362 720 2425 cap.
744 2345 806 2409 277
830 2344 912 2408 inter·
934 2361 968 2409 se
991 2342 1152 2408 simillima
1182 2346 1310 2407 suntet

234 2446 381 2529 inprimis
404 2448 592 2511 monendum
614 2453 672 2524 est
694 2465 776 2527 quae
799 2445 999 2527 Hyginianae
1023 2445 1215 2511 narrationis
1237 2462 1309 2526 pro·

231 2550 303 2630 pria
325 2554 410 2631 sunt,
434 2548 504 2615 dico
526 2567 607 2631 quae
630 2551 671 2614 ad
687 2548 876 2628 aetiologica
898 2553 931 2612 et
952 2551 993 2614 ad
1009 2548 1218 2630 antiquitates
1239 2565 1310 2628 per-

233 2653 345 2729 tinent,
374 2651 444 2732 pari
476 2654 568 2715 modo
599 2653 731 2734 reperiri
762 2651 793 2716 in
825 2670 895 2734 cap.
918 2653 983 2717 274
1003 2650 1058 2734 (ἓξ
1080 2651 1108 2714 2.
1132 2650 1190 2733 27)
1212 2656 1308 2730 atque

232 2755 264 2818 in
297 2771 363 2838 cap.
396 2754 458 2820 277
491 2753 523 2836 (ξ
551 2754 615 2837 36).
662 2755 795 2820 Accedit
824 2755 912 2820 aliud
943 2755 1112 2836 quoddam.
1164 2752 1309 2834 Namque

233 2875 414 2939 quanquam
437 2863 539 2922 totum
554 2857 622 2922 fere
637 2858 774 2938 catalogi
796 2861 1015 2938 argumentum
1040 2859 1060 2919 e'
1073 2853 1203 2920 Graecis
1218 2852 1308 2918 labu-

232 2960 272 3024 lis
305 2961 466 3041 manauit,
496 2966 655 3026 auctorem
687 2961 785 3025 etiam
818 2960 961 3024 Romana
993 2957 1138 3022 doctrina
1168 2955 1309 3022 hortulos

232 3081 307 3128 suos
330 3063 512 3144 irrigauisse
534 3070 684 3144 apparat:
714 3063 774 3128 hae
797 3068 903 3126 autem
927 3060 1124 3125 narrationes
1146 3060 1308 3125 Romanae

234 3184 293 3230 uon
317 3165 418 3230 solum
436 3166 716 3247 deprehenduntur
737 3166 769 3229 in
791 3163 855 3230 fab.
871 3165 935 3229 274
956 3163 1009 3245 (ξς
1024 3161 1075 3228 27,
1098 3163 1148 3228 28.
1170 3163 1237 3247 30),
1253 3163 1309 3228 sed
1340 3161 1341 3166 ’

235 3269 333 3334 etiam
355 3269 387 3334 in
410 3267 473 3334 fab.
497 3269 560 3334 277
583 3268 637 3350 (ξὲ
658 3269 727 3335 31².
750 3268 821 3333 31¹¹.
844 3268 913 3344 31¹„
936 3266 1001 3348 36).

317 3371 403 3453 Ergo
434 3369 499 3436 fab.
529 3371 594 3436 274
623 3377 655 3437 et
684 3368 748 3436 fab.
772 3371 833 3436 277
865 3370 1008 3450 separari
1032 3373 1200 3450 nequeunt.
1243 3367 1309 3435 Neo

234 3492 309 3541 uero
331 3474 507 3540 diiudicare
530 3474 620 3539 nobis
641 3474 727 3553 licet,
749 3479 855 3539 utrum
872 3476 969 3554 caput
983 3473 1239 3554 praeponendum
1255 3471 1307 3535 sit

232 3579 294 3643 Sed
317 3578 453 3642 concedo
475 3577 617 3642 arridere
633 3576 710 3641 milri
726 3575 917 3642 sententiam
933 3573 1112 3653 Schmidtii,
1134 3574 1189 3656 qui
1205 3573 1308 3639 conie-

233 3681 278 3748 cit
300 3685 397 3761 caput
419 3680 481 3744 277
504 3679 579 3744 olim
601 3680 764 3745 exordium
787 3679 884 3743 totius
899 3677 1037 3759 catalogi
1051 3675 1151 3742 fuisse
1165 3675 1219 3758 (cl.
1234 3676 1307 3742 adn.

232 3786 272 3849 ad
295 3783 359 3850 lab.
381 3783 469 3866 277).
504 3783 572 3846 Hoc
594 3783 676 3846 enim
701 3783 793 3848 modo
816 3782 842 3846 si
858 3780 966 3863 capita
981 3780 1206 3858 coniunximus,
1230 3780 1308 3844 ordo

232 3889 318 3953 haud
341 3887 388 3951 ita
403 3885 554 3950 abhorret
569 3904 588 3949 a
605 3884 742 3950 Pliniani
758 3883 894 3967 catalogi
910 3883 1030 3949 ordine.
1064 3882 1100 3946 In
1115 3900 1178 3963 quo
1194 3900 1307 3964 agmen

231 3991 352 4055 ducunt
373 3990 504 4053 deorum
532 3988 728 4068 heuremata,
758 4005 840 4069 quae
871 3985 1032 4072 excipiunt
1053 3984 1197 4050 litterae:
1220 3979 1308 4070 apud
