3190 4882
739 451 951 518 ·—20-

392 605 482 688 Hanc
511 628 678 704 postquam
710 617 898 708 εὑρημάτων
925 626 1025 690 aciem
1056 625 1205 691 iustruxit
1228 625 1381 705 Clemens,

307 733 378 790 octo
395 725 534 791 Graecos
556 732 701 789 auctores
723 725 844 807 laudat,
867 729 957 808 quasi
980 747 1018 792 ex
1034 729 1145 792 horum
1168 728 1260 794 libris
1274 731 1381 810 copias

307 847 381 894 suas
407 829 629 907 conscripserit
658 835 691 891 et
713 829 884 908 delegerit:
918 826 1077 913 ,,Σκάμων
1109 828 1169 913 μὲν
1190 823 1254 907 οὗν,
1276 832 1380 911 inquit

307 951 338 1013 p.
355 930 406 1011 65,
421 932 451 1009 4,
474 925 487 993 ἔ
515 928 739 1015 Μυτιληναῖος
754 928 809 994 καὶ
828 927 1040 1016 Θεόφραστος
1056 925 1233 1017 ὁἘρέσιος,
1249 929 1380 997 Κάδινι-

307 1030 373 1110 ντός
395 1056 429 1096 τε
458 1028 475 1097 ὁ
500 1032 693 1114 Μαντινεύς,
722 1028 771 1097 ἔτι
793 1056 827 1097 τε
847 1026 1044 1120 Ἀντιφάνης
1065 1033 1121 1099 καὶ
1139 1028 1379 1120 Ἀριστόδημος

306 1134 363 1201 καὶ
381 1128 625 1220 Ἀριστοτέλης,
652 1133 738 1223 πρὸς
753 1131 882 1212 τούτοις
896 1135 933 1201 δὲ
953 1138 1205 1223 Φιλοστέφανος,
1228 1131 1381 1202 ἀλλὰκαὶ

310 1234 463 1323 Στράτων
486 1232 504 1304 ὃ
526 1237 783 1325 περιπατητικὸς
805 1237 839 1304 ἐν
861 1243 933 1317 τοῖς
955 1239 1039 1325 Περὶ
1062 1236 1247 1326 εὑρημάτων
1278 1240 1379 1304 ταῦτα

309 1337 489 1426 ἱστόρησαν.
520 1339 712 1428 παρεθέμην
740 1340 777 1406 δὲ
799 1335 902 1407 αὐτῶν
925 1335 1017 1426 ὀλίγα
1048 1340 1095 1421 εἰς
1128 1339 1287 1408 σύστασιν
1316 1343 1373 1429 της

309 1441 400 1530 παρὰ
415 1439 595 1530 βαρβάροις
617 1439 778 1530 superate
799 1441 855 1507 καὶ
876 1447 1060 1530 βιωφελοῦς
1082 1441 1219 1531 φύσεως,
1243 1438 1319 1532 παρ’
1338 1432 1382 1509 ὧν

310 1540 457 1631 Ἓλληνες
478 1543 520 1610 τοὶ
543 1543 784 1632 ἐπιτηδεύματα
807 1538 1016 1634 ὠφέληνται.“

395 1652 439 1716 At
461 1668 539 1715 caue
560 1657 655 1731 putes
678 1651 870 1716 Clementem
894 1653 996 1733 ipsum
1016 1655 1043 1735 ¹)
1065 1652 1162 1717 libros
1184 1651 1380 1716 uniuscuius-
1460 1721 1462 1724 ,
1571 1711 1572 1724 ,

309 1771 370 1834 que
393 1773 430 1818 ex
452 1761 523 1817 octo
545 1752 610 1818 illis
632 1753 838 1834 scriptoribus
861 1754 1025 1835 euoluisse,
1048 1761 1085 1820 ut
1106 1755 1270 1820 materiem
1291 1771 1379 1818 suam
1446 1833 1454 1854 ς

308 1857 498 1921 corraderet.
534 1857 572 1920 Id
588 1857 670 1920 enim
694 1857 913 1921 consuetudini
929 1859 997 1922 eius
1014 1876 1209 1939 nequaquam
1226 1857 1382 1935 conuenit,

307 1959 425 2040 quippe
461 1976 553 2038 quom
585 1958 735 2039 pleraque
766 1958 883 2023 ueteris
922 1959 1063 2024 Graecae
1092 1959 1271 2040 doctrinae,
1300 1977 1381 2040 quae

307 2061 455 2142 operibus
488 2061 557 2125 eius
588 2061 798 2139 continentur,
830 2080 890 2124 non
921 2062 1023 2142 ipsum
1056 2062 1291 2143 conquisiuisse,
1326 2063 1382 2124 sed

306 2169 499 2245 praeparata
532 2163 595 2227 iam
627 2182 664 2226 ex
686 2163 818 2228 aliorum
842 2168 1004 2230 auctorum
1028 2164 1175 2246 operibus
1198 2165 1248 2229 uel
1277 2164 1381 2227 enchi-

243 2291 245 2295 ’
307 2267 398 2330 ridiis
413 2265 667 2346 transscripsisse
682 2265 765 2329 inter
780 2284 888 2331 omnes
902 2271 1025 2332 constet
1037 2269 1076 2349 2).
1109 2266 1226 2332 Contra
1241 2268 1382 2347 quando-

306 2370 435 2449 quidem
456 2386 551 2433 unam
574 2368 688 2433 saltem
711 2388 748 2432 ac
771 2369 919 2434 maiorem
941 2369 1078 2450 catalogi
1109 2376 1232 2451 partem
1264 2370 1325 2432 iam
1349 2369 1380 2432 in

308 2472 450 2536 ordinem
493 2473 654 2535 redactam
683 2470 841 2536 ¹Clementi
880 2472 1048 2538 obuenisse
1080 2471 1307 2551 intelleximus,
1343 2491 1382 2536 ne

308 2580 472 2638 auctorum
496 2574 624 2656 quidem
647 2574 820 2638 indiculum
851 2573 892 2638 ab
922 2575 980 2640 hoc
1012 2576 1081 2655 ipso
1113 2573 1288 2639 conlectum
1311 2593 1380 2639 esse

308 2678 482 2741 credemus.
525 2676 625 2739 Immo
648 2684 810 2741 auctorum
834 2677 960 2741 nomina
982 2678 1037 2741 uni
1061 2696 1099 2741 ex
1120 2675 1260 2741 fontibus
1275 2677 1381 2742 deheri

309 2779 570 2844 uerisimillimum
601 2786 658 2858 est,
687 2779 801 2862 quihus
824 2780 1010 2860 compilator
1033 2797 1107 2844 usus
1129 2784 1187 2843 est.
1238 2779 1381 2861 Namque

310 2901 380 2947 cum
403 2881 485 2946 inter
508 2890 653 2946 auctores
676 2883 852 2946 nominatos
874 2888 1024 2962 quattuor
1046 2881 1244 2963 reperiantur
1259 2882 1382 2945 -dico

310 2985 502 3064 Scamonem,
525 2984 787 3066 Theophrastum,
810 2985 1103 3066 Philostephanum,
1128 2984 1306 3049 Stratonem
1331 3021 1381 3063 —,

309 3105 386 3168 quos
414 3087 585 3169 peculiaria
617 3110 652 3152 νι.
677 3081 739 3172 εὕρ.
770 3105 864 3168 opera.
895 3088 1032 3152 edidisse
1070 3089 1165 3152 certis
1195 3087 1382 3151 testimoniis

310 3190 469 3270 cognitum
500 3188 671 3271 habemus,
709 3191 793 3254 huno
825 3196 987 3254 auctorum
1025 3190 1158 3255 indicem
1189 3190 1382 3271 pertinuisse

311 3291 454 3371 suspicor
476 3292 518 3355 ad
540 3292 749 3357 enchiridium
772 3293 942 3374 quoddam,
973 3311 1035 3373 quo
1057 3293 1187 3357 inuenta
1210 3311 1248 3356 ex
1270 3293 1381 3357 horum

399 3499 428 3573 l)
450 3500 533 3558 Haec
555 3501 743 3558 Brusslrernii
767 3501 809 3578 (p.
833 3501 886 3578 25)
908 3506 954 3560 est
975 3502 1156 3576 superstitio.

397 3585 429 3662 2)
451 3586 629 3644 Clementem
663 3586 834 3646 enchiridiis
863 3587 1036 3666 quibusdam
1068 3607 1152 3645 usum
1176 3607 1239 3646 esse
1262 3590 1380 3646 demon-

309 3672 415 3732 strauit
446 3672 544 3729 Hiller
572 3669 680 3734 Herm.
710 3671 790 3730 XXI
822 3677 901 3731 1886
940 3693 968 3748 p.
1002 3677 1059 3730 126
1076 3693 1157 3752 sqq.;
1196 3694 1261 3731 eum
1292 3674 1379 3731 etiam

312 3759 385 3817 duos
407 3759 504 3816 fontes
526 3757 556 3814 in
579 3777 670 3816 unum
687 3759 853 3816 confudisse
875 3758 996 3835 primus,
1019 3759 1049 3816 ni
1065 3759 1160 3830 fallor,
1184 3759 1283 3817 docuit
1300 3759 1380 3816 Diel-

310 3846 371 3902 sius
401 3840 542 3924 Dowoqr.
569 3840 626 3906 Gr.
655 3843 733 3902 1879
764 3864 792 3919 p.
820 3849 877 3903 129
894 3863 975 3923 sqq.;
1007 3845 1161 3919 segnitiem
1191 3850 1287 3902 autem
1317 3845 1381 3902 aius

310 3929 440 3988 ostendit
462 3930 675 3990 Wendlandius
700 3926 906 4008 Quaestiones
927 3928 1155 3992 Μαεοαλατιαα.
1178 3929 1274 3988 Berol.
1300 3934 1380 3988 1886

309 4035 337 4092 p.
362 4019 400 4072 34
418 4035 483 4093 sqq.
