3184 4886
651 381 935 464 ..55-·

215 556 417 622 enuntiatum
441 574 502 638 qno
526 574 645 622 conexu
667 557 837 623 cohaereat
859 574 930 621 cnm
946 556 996 638 iis,
1019 561 1053 622 et
1067 575 1149 638 qnae
1171 564 1298 625 antece·

215 659 298 724 dunt
328 666 361 723 et
391 677 473 741 quae
504 668 671 741 secuntur,
704 659 851 739 equidem
884 677 945 723 non
974 678 1106 740 prorsus
1137 659 1296 741 intellego.

217 761 368 827 Fortasse
397 761 458 827 hac
487 761 693 828 adnotatione
725 779 851 827 monere
885 761 985 828 uoluit
1014 761 1169 843 Clemens,
1199 762 1296 827 etiam

216 863 452 946 philosophiam
474 871 575 929 totam
591 863 785 930 Graecorum
808 882 878 930 esse
901 869 1078 945 recentem;
1111 883 1183 931 nam
1205 865 1222 928 I
1246 864 1296 942 14,

214 968 270 1046 ol,
300 975 469 1049 postquam
499 967 540 1032 de
570 973 693 1048 septem
724 966 922 1049 sapientibus
950 968 1106 1047 narrauit,
1137 959 1227 1052 „daps”
1248 963 1294 1046 dd,

216 1069 272 1149 ait,
294 1063 498 1155 Πυθαγόρας
521 1117 528 1134 .
552 1119 559 1134 .
580 1119 588 1135 .
611 1119 618 1134 .
648 1064 833 1155 φιλόσοφον
856 1063 969 1134 ἑαυτὸν
991 1068 1163 1156 πρῶτος
1184 1061 1297 1154 ἀνηγό-

216 1175 359 1256 ρευσενί-
372 1175 468 1254 (qnae
490 1171 551 1237 luit
572 1171 752 1237 Heraclidis
774 1170 866 1238 Pont,
883 1173 1054 1239 sententia:
1079 1172 1143 1238 Cic.
1158 1171 1294 1238 Tuch

214 1273 246 1353 3,
268 1273 370 1355 8sq.;
395 1274 485 1356 Diog.
508 1275 563 1340 La.
588 1291 725 1355 prooem.
750 1275 769 1340 8
792 1274 889 1358 (12)).
932 1274 1111 1340 Dolendnm
1134 1292 1211 1340 sane
1233 1278 1294 1353 est,

211 1377 300 1458 quod
323 1376 511 1459 compilator
532 1377 563 1441 in
587 1378 783 1457 excerpendo
806 1383 871 1441 tam
893 1393 1009 1456 parcus
1030 1376 1101 1441 fuit.
1124 1411 1166 1424 —

226 1515 229 1523 ,
302 1478 351 1561 5)’
367 1478 511 1561 Denique
535 1479 554 1561 ξ
576 1477 617 1544 69
633 1497 680 1561 sq.
702 1485 769 1545 tres
800 1479 939 1545 feminae
964 1479 1155 1546 incentrices
1187 1497 1294 1545 recen-

216 1588 337 1647 sentur.
367 1575 441 1662 ,,ἐ’τι
462 1578 548 1667 φασί
568 1575 607 1646 cd
635 1575 740 1667 ἡρῷον
769 1579 808 1646 τὸ
838 1576 1017 1666 ἑξάμετρον
1042 1578 1217 1648 mannasca
1238 1577 1295 1668 τὴν

210 1687 353 1768 γυναῖκα
370 1676 518 1768 Ἰκαρίου,
543 1679 574 1749 oi
597 1681 634 1748 δὲ
651 1681 755 1767 Θέμιν
776 1680 856 1768 μίαν
876 1683 944 1749 τῶν
970 1680 1153 1750 Τιτανίδων
1180 1679 1293 1768 circeio.

215 1782 365 1871 Δίδυμος
387 1780 419 1850 d’
445 1783 479 1850 ἒν
500 1788 547 1872 τῷ
569 1781 656 1872 Περί
685 1788 920 1873 Πυθαγορικῆς
951 1782 1154 1872 φιλοσοφίας
1178 1784 1293 1852 Θεανώ

213 1887 271 1976 τὴν
285 1892 515 1976 Κροτωνιᾶτιν
539 1884 671 1975 πρώτην
692 1891 850 1973 γυναικῶν
871 1889 1096 1976 φιλοσοφῆσαι
1116 1887 1174 1954 καί
1196 1885 1293 1976 noca}

211 2001 319 2076 ,ματα
326 1987 458 2078 γράψαι
481 1986 635 2078 ίστορεῖ.“
680 1991 768 2058 Haec
789 1987 853 2079 εὕρ.
875 1993 937 2058 alio
960 1993 1027 2059 loeo
1050 2010 1110 2057 non
1134 1992 1244 2074 legunt
1284 2043 1291 2057 .

214 2094 263 2161 De
294 2096 431 2177 Didymo
459 2095 492 2160 in
521 2095 737 2161 testimonium
766 2101 879 2161 uocato
908 2093 948 2161 cl.
980 2094 1190 2160 Schmidtium
1212 2091 1291 2158 Did.

216 2185 328 2264 Chalc.
348 2199 392 2281 fr.
417 2197 503 2263 1854
522 2216 554 2279 p.
577 2197 641 2264 380
655 2214 701 2278 sq.
723 2234 765 2244 -

227 2297 1291 2381 ,mmmmwmmmm

215 2401 356 2468 iudicare
379 2421 415 2468 eo
447 2399 609 2468 difficilius
632 2408 693 2484 est,
723 2403 811 2484 qnod
832 2401 976 2469 Clemens
1004 2403 1046 2467 ad
1069 2405 1291 2484 argumentum

211 2523 264 2570 res
286 2503 381 2586 elegit
404 2505 458 2585 (cf.
480 2505 606 2570 initium
629 2504 821 2570 narrationis
843 2523 873 2585 p.
896 2504 1017 2588 66,‘4)‚
1039 2505 1086 2570 ita
1107 2511 1144 2569 ut
1166 2505 1207 2570 de
1229 2503 1291 2568 ori·

207 2608 286 2691 gine
316 2627 376 2672 non
407 2607 623 2672 heurematica
653 2609 793 2688 cogitare
822 2609 987 2690 possimus.
1032 2608 1189 2685 Pontium,
1212 2623 1291 2687 quos

211 2709 281 2791 ipse
303 2710 508 2790 consuluerit,
530 2727 587 2774 nec
609 2710 681 2776 nole
704 2728 761 2775 nec
785 2710 953 2792 uestigium
976 2711 1067 2776 nobis
1082 2709 1210 2791 quidem
1232 2727 1290 2788 ap·
1382 2763 1383 2766 ,

210 2814 337 2894 paruit3
367 2813 422 2895 qni
451 2818 598 2878 auctores
629 2812 669 2895 ἓξ
692 2812 820 2879 63-65
843 2819 876 2878 et
900 2813 941 2879 70
970 2811 1189 2890 narrauerint,
1217 2809 1290 2876 Ole-

209 2935 300 2982 mens
322 2916 498 2994 adnotauit‚
521 2915 577 2980 sed
593 2934 667 2979 num
682 2916 753 2996 ipse
767 2934 806 2982 ex
820 2934 928 2982 eorum
944 2933 1023 2996 quos
1039 2913 1184 2980 laudauit
1198 2911 1290 2978 libris

199 3018 365 3101 hauserit,
395 3017 571 3083 existimari
603 3019 721 3098 nequit.
767 3017 848 3083 Sunt
876 3025 984 3085 antem
1013 3018 1045 3082 in
1075 3019 1135 3084 hac
1165 3033 1290 3098 quoque

209 3120 347 3202 catalogi
376 3126 468 3202 parte
498 3120 648 3187 nonnulla
678 3115 813 3206 εὑρετῶν
835 3122 971 3204 nomina,
1001 3138 1083 3202 quae
1114 3118 1288 3186 secundum

211 3223 390 3288 litterarum
421 3224 535 3288 seriem
566 3230 808 3290 enumerentur:
839 3225 986 3290 nimirum
1016 3222 1101 3307 §50
1129 3220 1288 3301 Alcmaeo,

211 3318 292 3408 §ol
325 3324 540 3410 Anaxagoras,
574 3328 592 3409 ξ
615 3327 657 3391 63
672 3345 741 3410 sqq.
768 3327 920 3408 Antipho,
954 3327 972 3410 ξ
995 3327 1037 3392 66
1066 3325 1288 3408 Apollodorus.

210 3427 303 3495 Unde
324 3430 416 3512 sequi
438 3431 565 3495 uidetur
588 3431 646 3496 hae
669 3430 843 3513 particulas
865 3430 1095 3512 Acorpusculo
1117 3417 1288 3509 adsignan-

207 3531 270 3597 das
292 3548 375 3612 esse;
406 3532 440 3597 id
468 3533 553 3613 qnod
580 3532 765 3598 etiamalio
793 3533 1035 3601 ratiocinatione
1057 3529 1299 3615 quodammodo

208 3634 373 3716 probatur.

222 3756 226 3760 ·
295 3736 344 3801 Ex
366 3737 518 3802 Fauorini
541 3739 624 3802 enim
646 3737 785 3805 παντοδ.
809 3733 872 3804 lor.
895 3737 1062 3820 Diogenes,
1084 3737 1167 3802 sicut
1189 3753 1288 3816 snpra

207 3840 372 3922 adnotani‚
402 3841 523 3920 eadem,
554 3857 635 3920 quae
659 3840 756 3906 Glem.
779 3843 817 3925 ἓξ
839 3841 882 3909 50
904 3847 938 3907 et
958 3841 999 3906 51
1031 3844 1152 3918 narrat,
1172 3843 1287 3904 'mutu-

207 3947 281 4008 atus
304 3948 354 4009 est
382 3978 425 3988 —
456 3960 635 4025 quanquam
665 3946 801 4011 concedo
829 3946 871 4012 de
899 3944 987 4011 fonte
1009 3942 1142 4009 alterins
1163 3941 1287 4007 inuenti
