3184 4886
675 446 717 455 ..
760 371 887 473 61¹-

236 573 384 640 siderum
419 581 452 640 et
485 574 566 641 caeli
595 576 781 643 dimetiendi
814 574 967 644 rationem
996 595 1034 642 ac
1064 578 1223 658 studium,
1254 579 1275 643 i.
1297 597 1323 646 e.

235 668 472 762 ἀστρονομίαν,
494 677 707 762 Chaldaeis1)
731 698 806 746 uero
828 678 1031 762 praedicendi
1053 697 1152 761 genus
1173 680 1326 746 attribuit

241 787 339 862 atque
362 786 398 844 ut
421 797 543 846 errores
565 781 702 848 euitaret
732 819 774 829 —
805 787 914 847 notum
937 782 1021 847 anim
1044 786 1092 846 est
1114 785 1325 848 astronomiae

241 891 278 947 et
301 881 492 965 astrologiae
522 901 616 950 uoces
647 884 756 950 eadem
786 883 853 951 fere
881 883 1008 949 notione
1030 884 1209 966 promiscue
1232 902 1324 950 usur-

239 992 336 1067 patas
358 1002 430 1050 esse
452 1022 494 1031 —
518 977 733 1070 ἀστρολογίας
762 987 921 1052 notionem
942 981 1190 1075 γενεθλιαλογίᾳ
1212 987 1324 1053 addita

236 1085 397 1154 defininit.

327 1190 431 1257 Maior
460 1196 568 1257 autem
600 1191 815 1274 discrepantia
838 1192 1007 1273 unicuique
1037 1193 1200 1258 uidebitur
1222 1193 1324 1258 inesse

237 1294 275 1358 in
298 1295 317 1376 ἓ
339 1295 370 1358 4.
393 1293 538 1360 Clemens
560 1295 645 1359 enim
669 1295 709 1359 de
731 1296 841 1360 eadem
862 1297 998 1361 materia
1020 1296 1144 1362 duabus
1166 1297 1205 1380 ξς
1226 1314 1323 1378 agens

239 1402 355 1463 narrat
377 1397 395 1480 ἓ
419 1398 437 1462 7
460 1391 609 1482 ,Φρύγες
638 1433 681 1444 -
711 1395 847 1485 πτήσεις
877 1389 1021 1485 ὀρνίθων
1049 1395 1324 1485 παρεφολιίξαννο

242 1500 391 1584 πρῶτοί*
421 1505 454 1562 ct
484 1499 503 1582 ξ
532 1500 553 1565 9
584 1495 741 1585 ,ζἸσανροι
772 1497 830 1564 καί
859 1491 1006 1585 ’Ἄραβες
1035 1497 1237 1588 ἐξεπόνησαν
1266 1500 1323 1589 τὴν

235 1595 478 1685 -οἰωνισνικήν“,
500 1606 536 1667 at
557 1621 629 1668 sum
652 1603 796 1668 diuersas
819 1602 879 1667 hac
901 1602 942 1667 de
965 1623 999 1668 re
1014 1611 1140 1670 exstare
1154 1606 1323 1670 memorias

242 1703 331 1770 nulla
360 1705 566 1770 adnotatione
597 1705 755 1771 monuerit
786 1705 834 1788 (id
865 1706 949 1786 quod
981 1705 1059 1773 lecit
1081 1707 1099 1790 ξ
1122 1707 1151 1786 6,
1176 1705 1214 1772 ci.
1236 1709 1255 1790 ξ
1280 1708 1322 1790 1),

241 1807 311 1889 ipse
344 1808 482 1872 sensisse
515 1826 575 1872 non
608 1807 738 1871 uidetur
771 1825 806 1872 se
838 1807 886 1872 bis
917 1807 999 1873 idem
1030 1801 1094 1894 εὕρ.
1129 1827 1322 1876 enumerare.

237 1908 336 1986 Quod
352 1926 422 1974 cum
439 1911 653 1992 perspexisset
663 1908 890 1991 Theodoretus,
905 1917 1074 1991 utramque
1085 1912 1321 1993 paragraphum

237 2011 426 2093 complexus
459 2019 493 2078 et
523 2013 703 2077 Isaurorum
733 2031 846 2076 nomen
879 2013 909 2076 in
939 2012 999 2078 hac
1028 2033 1063 2078 re
1090 2013 1321 2095 ignotissimum

236 2114 351 2179 omisit
366 2119 399 2178 et
409 2109 668 2201 οἱωνοσκοαικῆς
683 2133 795 2180 nomen
810 2115 1083 2180 accuratissimum
1099 2116 1270 2182 substituit
1280 2117 1320 2199 ³).

328 2218 373 2280 At
395 2217 513 2282 dixeris
530 2215 668 2282 fortasse
688 2217 878 2282 ecommuni
895 2223 1064 2300 utrumque
1077 2216 1165 2284 fonte
1180 2219 1321 2300 potuisse

241 2319 382 2387 haurire.
427 2319 488 2384 Sed
510 2320 578 2384 ueri
602 2319 847 2404 dissimillimum
871 2327 920 2408 est
935 2320 1168 2387 Theodoretum
1192 2321 1233 2387 ad
1249 2339 1322 2386 con-

236 2422 443 2489 :scribendam
468 2427 533 2486 tam
556 2440 691 2504 paruam
712 2427 816 2502 operis
838 2434 962 2504 partem
986 2423 1178 2505 peculiarem
1201 2422 1320 2489 fontem

234 2523 368 2604 adiisse,
390 2543 461 2590 cum
484 2523 634 2589 materies
657 2531 770 2605 parata
793 2524 856 2590 iam
878 2530 965 2590 esset
986 2525 1074 2607 apud
1090 2527 1223 2590 eundem
1246 2543 1318 2590 auc-

235 2631 352 2705 torem,
375 2645 413 2692 ex
444 2644 506 2709 quo
529 2625 667 2709 plurima
690 2626 865 2709 repetebat.
910 2626 1075 2693 Permulta
1096 2629 1180 2694 enim
1203 2646 1321 2705 eorum,

141 2765 145 2772 -
234 2748 323 2812 ¹(puae
351 2731 383 2794 in
414 2729 605 2796 Theodoreti
640 2732 862 2817 θερααοωικῑ
900 2730 1066 2813 leguntur,
1100 2750 1117 2794 e
1150 2729 1321 2796 Clementis

237 2832 457 2899 stromatibus
476 2829 605 2899 fluxisse
628 2830 658 2898 in
675 2840 827 2916 promptu
849 2839 898 2898 est
920 2853 958 2900 ac
972 2835 1065 2915 plane
1081 2835 1202 2914 eadem,
1224 2849 1320 2913 quam

240 2933 293 3000 hic
316 2935 469 3014 instituit,
491 2935 615 3002 ratione
637 2954 707 3000 cum
731 2935 811 3001 alios
833 2940 902 3000 tum
931 2935 990 3000 hos
1012 2935 1096 3000 locos
1119 2933 1318 3016 compilauit:

234 3037 358 3102 Tbeod.
378 3037 441 3102 XII
464 3038 506 3103 73
527 3057 558 3119 p.
583 3036 655 3116 175,
676 3037 720 3102 52
741 3073 784 3084 -
806 3057 837 3119 p.
862 3038 934 3118 176,
958 3038 997 3102 11
1021 3055 1060 3102 ex
1082 3036 1179 3103 Glem.
1201 3042 1258 3101 str.
1273 3035 1319 3101 IV

242 3140 293 3218 19,
317 3141 380 3205 120
393 3159 455 3224 sq.;
478 3140 596 3206 Theod.
619 3138 666 3204 XI
688 3139 773 3204 6-8
795 3159 826 3221 p.
844 3139 915 3218 152,
939 3140 1065 3207 18-45
1087 3158 1125 3206 ex
1147 3139 1245 3206 Glem.
1260 3145 1318 3206 str.

237 3242 580 3325 HQfflmffl

239 3381 428 3389 .....-.-...-.-.

329 3452 357 3524 1)
381 3449 516 3508 Sufficiet
536 3448 724 3509 admonuisse
747 3448 921 3509 aRomanis
944 3469 1003 3522 eos,
1027 3451 1076 3530 qui
1094 3449 1318 3510 mathematicae

234 3536 349 3595 addicti
365 3540 458 3609 erant,
481 3553 540 3593 non
556 3533 651 3594 solum
665 3535 889 3594 mathematicos
904 3535 953 3594 uel
968 3535 1141 3610 astrologos,
1163 3533 1318 3595 sedetiam

233 3621 401 3680 ‘chutaeos
422 3625 544 3680 uocatos
566 3640 640 3679 esse.

326 3709 357 3782 2)
380 3706 553 3766 Theodorus
575 3706 690 3778 Prodr.,
719 3706 836 3785 dequo
860 3704 958 3764 statim
981 3724 1074 3780 agam,
1106 3705 1229 3763 eandem
1251 3703 1317 3762 cle-

239 3793 348 3852 mentis
362 3791 562 3856 narrationem
579 3791 765 3867 compilatam
787 3792 845 3850 hoo
859 3791 946 3850 modo
962 3791 1124 3867 expressit:
1146 3809 1174 3867 p.
1193 3793 1264 3862 558,
1276 3793 1315 3848 25

232 3877 359 3955 ,Κᾶρες
387 3871 419 3935 δὲ
450 3867 504 3950 τὴν
535 3868 584 3934 dcci
614 3875 674 3933 τῶν
704 3871 820 3954 ἄστρων
842 3870 1012 3956 πρόγνωσιν
1041 3871 1092 3934 καὶ
1118 3868 1236 3956 Φρύγες
1265 3868 1318 3950 τήν

234 3957 565 4040 Ισ’ρνιίίοσννοννίαν
587 3957 638 4018 καὶ
662 3953 716 4036 τὴν
738 3953 973 4038 ὀνειροκριτνκὴν
1000 3963 1176 4036 Τείμνσεῑς.“
