3184 4886
703 445 916 512 -54..

272 631 411 680 errorem
433 615 534 681 latera
556 632 593 680 ac
614 615 750 681 fortasse
774 615 984 699 cyrenensem
1010 615 1258 697 intellegendum
1281 633 1350 682 esse

273 716 380 799 potius
401 716 634 783 callimach
646 736 724 798 um,
747 723 784 782 ut
805 735 900 799 quem
916 717 1128 800 Apollodorus
1142 718 1229 800 apud
1244 717 1352 786 Strab.

272 821 289 884 I
310 820 341 900 2,
362 820 404 885 3¹1
427 819 628 903 grammatici
642 818 857 902 appellatione
872 821 994 887 diserta
1018 818 1265 902 perstrinxisset.
1307 821 1351 886 Et

275 941 348 990 cum
378 922 621 988 Eratosthenem
635 931 638 940 '
653 923 791 1005 primum
828 922 1045 1004 philologi
1080 940 1252 1005 cognomen
1289 923 1351 989 sihi

275 1025 489 1090 uindicauisse
523 1023 693 1091 Suetonius
722 1028 764 1091 de
786 1044 886 1106 gram.
918 1026 958 1091 10
980 1023 1160 1104 tradiderit,
1183 1024 1288 1092 neseio
1309 1045 1350 1090 an

273 1127 429 1211 suspicari
450 1127 546 1192 liceat
567 1127 637 1194 siue
658 1128 744 1210 apud
759 1135 920 1194 auctorem
938 1127 1109 1195 Clementis
1131 1128 1201 1193 siue
1214 1128 1247 1193 in
1262 1127 1350 1193 illius

273 1229 359 1295 tonte
381 1230 534 1312 seriptum
556 1231 718 1297 exstitisse
739 1230 807 1297 fere
829 1231 904 1296 hoe:
921 1224 1259 1312 ‘grammaticum
1282 1231 1350 1312 pri·

273 1350 358 1397 mum
381 1332 521 1398 audiisse
542 1339 599 1398 aut
614 1332 841 1418 apollodorum
857 1332 1033 1400 Cumanum
1048 1340 1105 1399 aut
1120 1331 1349 1398 Callimachum

274 1433 501 1518 Cyrenensem,
532 1437 704 1502 secundum
736 1437 945 1503 recentiorum
984 1454 1060 1502 uero
1090 1436 1350 1502 consuetudinem

274 1537 525 1620 Praxiphauem;
556 1538 817 1620 philologum
847 1544 953 1605 antem
984 1539 1122 1619 primum
1152 1538 1350 1620 appellatum

273 1656 342 1704 esse
373 1639 617 1707 Eratosthenem
641 1633 876 1724 Cyrenenaem',
907 1659 1001 1724 quam
1031 1641 1244 1706 narrationem
1267 1658 1355 1706 com*

272 1741 391 1825 pilator
413 1743 601 1810 contuderit.
1198 1743 1200 1746 ’

362 1845 381 1928 6
404 1845 460 1912 61:
481 1845 521 1914 cf.
545 1845 675 1913 Preller.
700 1847 719 1913 l.
741 1846 762 1912 l.
783 1867 814 1930 p.
837 1847 994 1912 94-112.
1019 1883 1059 1892 -
1082 1847 1130 1912 De
1152 1851 1220 1912 toto
1242 1853 1350 1912 antem

276 1947 344 2014 loeo
366 1949 400 2031 (ξ
416 1949 532 2034 eosq.)
554 1949 593 2016 cf.
610 1949 775 2015 Lehrsium
798 1950 919 2016 Herod.
944 1951 1067 2032 scripto
1090 1950 1155 2014 trio
1176 1968 1207 2030 p.
1224 1950 1296 2015 398.
1309 1986 1351 1996 -

359 2055 395 2136 4)
418 2053 511 2136 §682
535 2054 575 2118 de
597 2054 708 2135 primis
723 2053 985 2136 legumlatoribus
1000 2053 1142 2119 Graecis.
1163 2047 1350 2138 ,Ζάλευιός

276 2167 313 2220 ’τε
336 2149 354 2219 δ
370 2153 507 2238 Λοκρὸς
521 2154 658 2241 πρῶτος
674 2151 842 2242 ἱστόρηται
858 2151 977 2240 νόμους
990 2154 1128 2236 θέσθαι,
1151 2149 1183 2221 ol
1198 2153 1236 2220 δὲ
1250 2152 1350 2220 Μίνω

272 2255 330 2324 τὸν
353 2256 437 2334 Διδς
459 2255 519 2324 ἐπὶ
542 2255 711 2342 Λυγιίως.
742 2247 836 2344 οὗτος
857 2257 941 2343 μετὰ
963 2256 1095 2326 Δαναδν
1116 2253 1240 2342 γίνεται
1266 2252 1350 2324 ἑνδε-

270 2356 354 2448 κάτῃ
384 2354 513 2426 ὀίνωδεν
535 2353 606 2426 ἀπὸ
623 2354 745 2442 Ἰνάχου
766 2359 823 2427 καί
845 2359 1016 2439 Μωυσέως
1037 2359 1140 2449 γενεᾷ,
1173 2355 1217 2437 ὡς
1239 2352 1352 2444 ὀλίγον

257 2457 456 2552 Ιίινιοβάντες
478 2459 628 2547 δείξομεν
650 2465 680 2549 (Ι
702 2466 755 2546 21,
780 2465 850 2533 103.
876 2464 962 2548 106).
993 2465 1186 2549 Λυκοῦργος
1208 2460 1245 2528 δὲ
1265 2458 1348 2547 μενά

271 2563 382 2630 πολλὰ
396 2567 453 2652 τῆς
471 2558 566 2632 Ἰλίου
581 2561 735 2643 ἇλάσεως
748 2563 885 2651 γεγονώς
901 2561 956 2651 ἔνη
971 2563 1038 2652 πρὸ
1053 2568 1117 2629 τῶν
1132 2557 1347 2648 ὀλυμπιάδων

272 2663 378 2734 ἔτεσιν
399 2663 515 2735 ἓκανδν
536 2665 735 2757 πενυίμονεα
757 2671 934 2754 νομοθετεῖ
954 2663 1240 2752 Λακεδαιμονίοις
1262 2667 1350 2750 (011

272 2773 323 2852 21,
348 2772 433 2855 119).
473 2767 623 2848 Σόλωνος
643 2771 704 2858 γὰρ
726 2765 802 2848 acic
821 2766 956 2855 χρόνους
978 2765 1220 2858 προειρίκαμεν
1242 2771 1273 2854 (Ι
1299 2770 1350 2850 14,

273 2873 315 2941 65
337 2874 376 2940 tf.
398 2875 414 2938 Ι
436 2876 488 2955 21,
513 2876 597 2958 107).
621 2870 762 2956 Δράκων
782 2870 820 2939 δὲ
843 2868 861 2940 ὁ
881 2871 939 2938 καὶ
954 2866 1051 2951 αότδς
1072 2868 1257 2959 νομοθέτης
1271 2869 1350 2956 περὶ

273 2972 330 3041 τίν
352 2977 546 3067 τριακοστὴν
567 2975 624 3042 καί
646 2973 759 3064 ἐνάτην
781 2968 971 3080 ὀλυμπιάδα
985 2974 1123 3061 γεγονώς
1137 2970 1351 3062 είρίοκεται.“

272 3078 316 3143 Hi
354 3079 470 3160 aliique
507 3081 732 3163 legumlatores
764 3079 910 3161 plurimis
946 3080 1024 3145 locis
1056 3084 1350 3158 commemorantur,

273 3181 477 3263 copiosiorem
500 3202 608 3249 eorum
627 3184 762 3250 iudicem
786 3183 956 3248 exhibete.
973 3200 1003 3265 g.
1019 3181 1209 3246 Theodoret.
1224 3180 1349 3261 therap.

275 3283 322 3348 IX
345 3284 460 3361 7-12,
491 3293 524 3350 et
547 3284 644 3350 clem.
674 3286 744 3367 ipse
776 3284 987 3366 compluriens
1017 3302 1124 3349 eorum
1159 3283 1349 3349 mentionem

274 3385 361 3468 iecit,
383 3386 470 3452 uelut
492 3392 549 3453 str.
571 3386 661 3467 126,
685 3387 755 3452 170.

358 3488 480 3554 Deinde
509 3489 644 3554 adnotat
674 3488 827 3567 Clemens,
859 3494 936 3569 quot
967 3506 1065 3555 annos
1094 3487 1282 3553 Antilochus
1310 3507 1342 3567 „r

272 3591 347 3669 νοῦς
368 3591 505 3677 ἵστορας
519 3586 874 3678 apponendam&
896 3591 970 3656 inde
992 3609 1011 3658 a
1027 3590 1228 3673 Pythagorae
1243 3594 1350 3656 aetate

273 3714 373 3779 usqne
404 3696 445 3762 ad
467 3695 597 3776 Epicuri
628 3699 761 3761 mortem
792 3695 827 3775 (l.
853 3693 892 3760 16
916 3690 952 3758 δέ
974 3693 1193 3776 dittographia
1215 3692 1350 3758 delenda

272 3801 335 3882 ast)
358 3798 600 3881 computauerit.
646 3796 805 3863 Antilochi
826 3815 906 3878 opus
928 3815 1057 3878 prorsus
1078 3795 1209 3875 interiit,
1238 3811 1350 3860 nomen

274 3901 343 3968 eins
365 3907 402 3967 ut
424 3901 568 3968 historici
582 3898 728 3967 adfertur
743 3901 829 3985 apud
846 3900 974 3983 Dionys.
989 3898 1063 3965 Hal.
1084 3900 1125 3964 de
1146 3915 1246 3980 comp.
1262 3895 1349 3961 uerb.

272 4002 295 4067 4
323 4023 354 4086 p.
377 4004 419 4070 66
450 4003 513 4087 (ed.
547 4001 696 4070 Sohaefer
726 4003 820 4085 1808,
849 4003 938 4069 cuius
968 4000 1006 4067 cf.
1033 4002 1129 4083 adn).
1174 3999 1242 4065 Hoc
1273 4015 1351 4064 nero
