3184 4886
685 414 918 494 -lloae

261 589 422 662 codicibus
444 591 598 663 Parisinis
620 598 825 680 exprimenda
847 600 972 666 curauit
988 599 1164 667 cotelerius
1184 597 1339 684 (Pomm

261 701 318 782 qai
340 700 531 781 tmporibaa
552 706 653 782 apost.
675 700 857 781 floruerant
877 723 926 785 op.
950 705 1104 785 Antuerp.
1129 703 1212 770 1698
1236 705 1298 770 uol.
1323 705 1339 768 1

261 821 292 885 p.
308 801 386 884 545)
401 802 444 868 ad
460 801 612 869 clement.
629 805 764 886 Recogn.
779 805 808 869 V
824 805 883 884 20;
906 805 996 871 cuius
1011 805 1147 888 catalogi
1162 809 1203 871 ad
1219 805 1337 872 calcem

261 911 429 988 praeterea
461 912 566 972 exstat
599 905 764 972 heurema:
800 904 982 994 ,,Ί5ρσηνοί
1012 904 1162 988 τειχίζειν
1194 905 1338 990 τόλεις“,

260 1009 345 1089 quod
368 1009 452 1074 idem
485 1010 643 1090 reperitur
673 1011 760 1090 apud
793 1009 895 1076 Schol.
927 1010 1018 1077 Pind.
1042 1011 1090 1075 Ol.
1126 1013 1158 1077 Il
1192 1015 1261 1078 127.
1296 1049 1337 1058 -

260 1111 366 1194 Oaput
393 1111 443 1175 111
472 1130 491 1177 e
523 1112 630 1177 codice
661 1114 798 1193 quodam
829 1114 972 1179 Parisino
1003 1113 1034 1177 in
1067 1113 1169 1179 lucem
1203 1115 1339 1197 protulit

261 1214 497 1280 Boisaonadeua
518 1216 551 1279 in
573 1215 694 1280 Aoeed.
722 1215 780 1281 Gr.
804 1215 866 1280 uol.
889 1215 921 1281 1:
944 1234 975 1298 p.
997 1217 1070 1297 426,
1093 1217 1141 1282 ira
1162 1225 1279 1296 tamen,
1303 1226 1338 1282 ut

264 1319 342 1383 ordo
364 1322 508 1382 mutatus
530 1318 717 1383 exhibeatur
745 1323 778 1384 et
800 1319 990 1384 omittantur
1011 1320 1049 1401 ἓξ
1074 1319 1122 1385 16.
1148 1321 1197 1385 ll.
1220 1320 1271 1384 25.
1293 1355 1334 1367 -

759 1437 831 1520 52.

350 1540 573 1620 Adiunguntur
603 1547 723 1621 cetera,
751 1559 832 1623 quae
863 1541 990 1625 quidem
1020 1543 1224 1625 reppererim,
1254 1545 1339 1625 lrag·

263 1649 372 1710 menta
394 1643 445 1708 hio
467 1644 533 1709 illic
555 1644 709 1726 dispersa.

346 1745 475 1812 Cramer
488 1747 619 1812 Ἀκεσᾶ.
639 1745 696 1813 θα.
719 1746 779 1812 uol.
795 1747 839 1811 IV
855 1766 885 1829 p.
901 1745 975 1827 400,
997 1746 1105 1812 3-20
1126 1747 1244 1830 publici
1259 1749 1338 1814 iuris

260 1847 338 1915 iecit
359 1849 443 1914 huno
465 1849 658 1930 catalogum:

349 1955 366 2018 1
392 1952 527 2034 Νουμᾶς
541 1953 571 2034 1)
595 1946 780 2034 δβασιλεδς
793 1946 917 2038 Ῥώμης
938 1953 1071 2036 πρῶτος
1091 1955 1131 2039 τῇ
1153 1948 1223 2039 ἰδίᾳ
1237 1948 1338 2018 εἰκόνι

261 2049 425 2138 ἐχάραξεν,
447 2046 471 2118 ll
492 2052 550 2119 καί
571 2051 713 2139 νοομμία
736 2051 931 2142 ἐκλήθησαν.
961 2056 982 2120 2
1001 2047 1072 2119 Ἐπί
1093 2058 1150 2143 της
1170 2051 1340 2138 βασιλείας

264 2152 507 2243 Κοροτταλάτοο
536 2155 593 2222 καί
615 2154 749 2246 Εἰρήνης
777 2152 958 2243 εὑρέθησαν
984 2153 1160 2246 γράμματα
1181 2158 1340 2242 κεκολαμ-

212 2304 214 2308 ’
259 2308 351 2394 μένα.
373 2309 410 2391 xe*
431 2260 528 2396 μχὲἳ).
559 2307 780 2376 3Πολιτείαν
801 2308 905 2398 είςηξε
927 2306 1157 2395 Ῥαδάμανθυς
1178 2309 1286 2400 Κρής·
1318 2316 1341 2378 4

260 2408 432 2500 ἐκκλησίαν
443 2407 620 2500 Ἀρκάδες·
644 2416 664 2481 5
680 2409 816 2480 σύνοδον
824 2410 981 2503 Ἑλλήνων
994 2413 1050 2479 καί
1072 2417 1092 2482 6
1108 2411 1203 2493 δίκας
1213 2408 1337 2502 Ἀμφι-

263 2511 380 2582 κτύων·
419 2519 437 2582 7
460 2516 624 2601 μελισσῶν
645 2515 773 2606 καρπὸν
790 2511 998 2603 Ἀρισταῖος·
1032 2520 1051 2584 8
1075 2513 1283 2606 δικαστήριον
1305 2514 1339 2581 ἐν

258 2613 378 2705 Ἀρείῳ
401 2615 499 2705 νεοίμην
522 2621 652 2706 πρῶτον
668 2617 863 2704 ἐγένετοκαὶ
885 2617 1002 2707 ἐκρίθη
1013 2616 1121 2706 ’Ἀρης
1137 2616 1202 2686 inl
1217 2625 1338 2686 Ποσει-

264 2722 370 2800 διῖνος
392 2721 449 2789 τὸν
474 2718 547 2816 Ιυἱὸν
576 2717 673 2790 αὐτοῦ
687 2718 906 2810 Ἁλιρρόθιον
927 2717 1134 2801 ἀποκτείνας.
1180 2725 1198 2806 ξ
1221 2724 1241 2788 9
1265 2742 1339 2789 nou·

261 2827 347 2894 nulla
376 2827 417 2892 de
446 2827 664 2893 inuentoribus
694 2827 873 2892 litterarum
903 2826 1094 2909 referuntur,
1123 2827 1239 2911 quibus
1260 2826 1339 2892 nihil

261 2929 335 2995 noui
356 2930 440 2996 inest
468 2929 520 3009 (cf.
542 2949 641 3012 supra
662 2949 693 3011 p.
716 2930 759 2994 26
781 2936 813 2996 et
835 2916 910 3013 81);
940 2931 978 3013 ἐξ
1002 2929 1130 2995 10-20
1158 2931 1198 2995 de
1220 2929 1338 2994 musica

262 3034 379 3114 agiam,
401 3034 485 3115 quod
508 3039 606 3114 caput
627 3035 691 3100 iam
713 3051 811 3116 supra
833 3052 863 3114 p.
886 3034 928 3100 39
951 3033 1163 3114 transscripsi.

766 3154 828 3236 §3

350 3257 446 3337 Apud
468 3256 602 3321 eundem
633 3276 664 3339 p.
688 3257 762 3339 255,
795 3255 920 3348 18-26
941 3256 1021 3321 haec
1050 3254 1214 3336 leguntur:
1248 3250 1340 3330 Τίνες

265 3357 401 3446 ἐφεῦρον
434 3350 578 3443 οἰρχαῖοιΙ
598 3357 658 3436 τὰς
690 3358 820 3440 τέχνας·
858 3354 1076 3446 φιλοσοφίαν,
1111 3350 1338 3444 ἀριθμητικήν,

263 3457 430 3549 μουσικήν,
453 3453 681 3545 ἀστρονομίαν.
707 3465 723 3528 1
748 3455 921 3547 Εὐκλείδης
942 3458 1156 3548 γεωμετρίαν·
1177 3461 1198 3526 2
1216 3454 1339 3525 Ἀπελ-

266 3566 366 3654 λῆςὸ)
392 3559 580 3651 βοτανικην·
622 3565 884 3651 3Δημοσθένης
907 3560 1089 3652 ῥητορικήν·
1125 3566 1338 3629 ‘illumne-

351 3743 380 3819 1)
403 3739 525 3802 correxi
548 3739 718 3816 compluria.

352 3829 383 3899 2)
407 3827 470 3886 Hae
492 3826 724 3903 Byzantinorum
748 3825 875 3902 ineptiae
897 3822 1037 3902 expedire
1060 3844 1120 3883 non
1142 3843 1270 3900 possum.

350 3917 379 3986 3)
408 3911 537 3971 Nomina
569 3918 600 3971 et
630 3913 784 3971 hominum
814 3919 844 3970 ct
872 3931 971 3971 rerum
1007 3911 1167 3970 multifaria
1203 3913 1341 3988 corrupta

265 4000 391 4076 conexi,
410 4006 445 4058 uc
466 3998 559 4078 peuri.
1020 4031 1021 4034 =
