3190 4882
695 369 887 436 ...7.-

334 544 447 625 itaque
478 548 514 608 ut
543 543 689 625 exempla
718 558 905 624 proponam,
938 560 1098 608 armorum
1130 543 1329 612 inuenturum

249 647 440 728 catalogum,
463 646 518 729 qui
540 647 626 727 apud
650 647 737 713 Seru.
759 646 801 710 ad
817 645 911 728 Verg.
927 646 1005 713 Aen.
1021 645 1067 710 IX
1084 645 1147 712 503
1169 645 1331 727 legitur1),

250 749 290 812 ad
323 748 583 814 commentarium
613 747 750 831 aliquem
784 748 824 834 de
855 748 953 816 armis
983 746 1035 812 uel
1067 748 1107 812 de
1136 765 1170 812 re
1199 747 1331 816 militari
1426 757 1428 760 ’

251 850 461 930 compositum
493 849 613 916 referre
644 851 813 933 unicuique
844 851 937 932 licet,
968 854 1003 919 et
1033 869 1081 929 ea,
1112 868 1194 932 quae
1227 849 1331 916 Schol.

250 951 340 1017 Pind.
363 952 451 1036 pyth.
471 949 497 1017 V
519 953 539 1016 6
561 955 602 1016 de
625 952 679 1017 rei¹
695 951 884 1031 uehicularis
907 951 1096 1033 quibusdam
1112 952 1331 1018 inuentoribus

255 1055 480 1138 narranturl),
503 1056 545 1120 ad
560 1054 676 1120 librum
700 1055 803 1120 nescio
826 1072 919 1135 quem
941 1055 983 1120 de
1005 1075 1039 1121 re
1061 1053 1235 1120 uehiculari
1257 1071 1331 1122 con-

162 1145 164 1149 ’
252 1155 415 1238 scriptum,
448 1165 630 1239 quanquam
653 1157 711 1222 hos
732 1155 817 1223 locos
846 1156 941 1224 etiam
973 1156 1094 1224 alibro
1115 1155 1331 1223 heurematico

146 1315 149 1320 .
250 1279 380 1326 manare
402 1261 546 1340 potuisse
567 1259 673 1326 nullus
694 1277 774 1340 nego
786 1259 827 1342 ³).

693 1534 895 1544 --.--

627 1775 750 1866 caput
774 1775 949 1868 primum.

339 1961 483 2026 lamuero
527 1961 567 2024 de
609 1952 796 2045 εὑρημάτων
833 1958 988 2040 catalogis
1023 1958 1231 2041 disputemus.
1284 1960 1331 2024 Ac

250 2062 385 2144 primum
402 2061 530 2142 quidem
553 2079 607 2126 ecs
622 2061 936 2142 comprehendamua
958 2061 1013 2141 qui
1028 2061 1116 2142 apud
1132 2058 1333 2142 Christianos

251 2165 424 2246 scriptores
440 2165 650 2247 reperiuntur,
672 2165 821 2245 quoniam
837 2168 871 2228 et
890 2161 1013 2228 consilii
1034 2168 1068 2229 et
1089 2163 1222 2244 originis
1244 2161 1330 2228 simi-

251 2267 386 2333 litudine
419 2284 472 2331 eos
503 2267 659 2334 contineri
690 2265 920 2348 intellegemus,
962 2263 1123 2330 Exhibent
1153 2269 1260 2331 eutem
1294 2284 1332 2331 ex

255 2409 447 2416 —..--..-...-

253 2476 392 2535 maticum
415 2475 581 2534 adhibitum
603 2475 801 2535 coniecerunt.
817 2505 859 2516 -
880 2473 1011 2532 Inuenta
1025 2473 1167 2532 Suidiana
1188 2475 1223 2531 ad
1238 2479 1332 2535 artem

251 2562 395 2636 poeticam
428 2560 608 2636 pertinentia
636 2559 784 2633 congessit
806 2557 1013 2619 Volkmannus
1041 2555 1095 2622 De
1125 2553 1248 2623 Saldae
1269 2558 1331 2622 bio·

249 2645 414 2728 graphica's
435 2648 555 2725 quaest.
579 2643 632 2707 sol.
659 2649 748 2702 1861.
770 2663 800 2720 p.
826 2649 936 2702 1—23.

340 2736 368 2805 1)
391 2733 556 2807 „inuentor
578 2736 676 2790 autem
698 2730 856 2789 testudinis
877 2731 1022 2788 Artemon
1046 2729 1250 2788 Clazomenius
1272 2731 1330 2788 fer-

250 2823 307 2890 tur,
336 2818 475 2895 idemque
505 2817 605 2875 arietis
630 2820 764 2890 repertor
786 2814 902 2876 dicitur.
932 2818 1015 2874 scuta
1044 2833 1131 2874 aerea
1157 2813 1216 2891 (sio
1248 2831 1329 2878 corre

253 2901 293 2964 F.
318 2897 495 2966 Schoellias
511 2919 575 2981 pro
599 2899 726 2977 stauera)
749 2905 865 2974 gestare
881 2901 1003 2960 Curetes
1031 2900 1119 2977 primi
1141 2900 1331 2962 inuenerunt.

251 2988 335 3063 galea
345 2988 519 3055 Thracicum
534 2994 654 3062 tegmen
669 2992 722 3048 est.
736 2987 873 3045 thoraces
888 2985 1007 3044 Thorax
1019 2985 1137 3064 quidam
1153 3004 1208 3044 rex
1223 2985 1331 3046 dicitur

250 3073 410 3134 inuenisse.
455 3073 576 3150 Lycaon
598 3074 692 3131 Arcas
714 3071 844 3146 gladium
866 3071 999 3146 longiore
1021 3070 1131 3129 lamina
1153 3071 1330 3148 produxisse

250 3163 397 3218 narratur.
431 3157 538 3216 Peleus
552 3157 666 3235 primus
688 3158 873 3216 machaeram
895 3155 1004 3215 dicitur
1024 3156 1184 3217 inuenisse.
1207 3157 1329 3234 harpen,

249 3245 280 3302 id
303 3249 348 3302 est
371 3264 492 3303 curuum
523 3243 652 3318 gladium
683 3243 716 3300 in
742 3243 859 3300 modum
882 3241 976 3315 falcis,
1002 3243 1150 3302 aPcrseo
1172 3241 1327 3304 inuentum

250 3329 336 3389 multi
359 3329 528 3388 dixerunt.“

337 3417 366 3488 2)
389 3409 526 3491 „iiiique
555 3409 605 3471 καὶ
627 3405 745 3489 χαλινόν
767 3412 885 3488 πρῶτος
908 3405 1148 3490 Βελλεροφόντης
1170 3407 1327 3486 κατέζευξε,

250 3497 398 3578 ξυνωρίδα
422 3485 566 3575 Κάστωρ,
595 3491 675 3575 ἅρμα
692 3491 886 3577 Ἐριχθόνιος
915 3489 932 3556 o‘
956 3491 1138 3574 Ἀθηναῖος,
1176 3490 1329 3576 ἀστράβην

245 3578 370 3656 Ὀξύλος
392 3577 411 3644 o‘
432 3577 595 3654 Aleatogr‘

337 3671 369 3748 3)
391 3672 523 3730 Eandem
552 3671 589 3729 ob
614 3689 729 3730 causam
750 3669 783 3727 in
812 3669 973 3729 tractandis
996 3669 1229 3728 Christianorum
1252 3673 1330 3728 eata-

248 3756 326 3831 logis
356 3758 641 3831 Athenagorae
663 3754 797 3832 (supplic.
823 3755 860 3812 17
884 3775 913 3830 p.
937 3755 977 3813 te
992 3775 1058 3834 sqq.
1082 3754 1174 3826 Otto.)
1203 3771 1328 3829 paruum

248 3843 377 3901 indicem
400 3840 596 3918 praetermisi,
619 3861 678 3920 quo
701 3841 834 3916 picturae
856 3845 887 3898 et
907 3841 1066 3900 staurariae
1089 3838 1327 3900 sexinuentores

249 3935 441 3991 recensentur
448 3949 456 4004 ς
487 3925 560 3990 mihi
590 3928 683 3988 enim'
700 3926 821 3985 dubium
851 3946 912 3985 non
942 3932 995 4000 est,
1025 3925 1098 4011 quin
1121 3925 1328 4004 Athenagoras
