3190 4882
705 415 986 490 ‘—l8-

342 591 470 662 obstant
491 594 520 664 ei
546 599 585 664 19
607 591 743 683 εὑρετῶν
772 600 898 662 nomina
921 615 991 662 cum
1014 597 1056 662 22
1078 595 1279 662 heurematis.
1325 596 1422 666 Casui

342 700 483 781 profecto
504 701 594 766 illurn
618 700 760 764 ordinem
784 717 876 766 nemo
899 698 1027 780 tribuet,
1050 701 1146 763 immo
1168 700 1232 763 duo
1254 701 1420 766 minimum

342 805 471 871 diuersa
498 805 657 870 elementa
689 801 819 868 contusa
850 819 920 868 esse
949 799 1049 866 firmis
1070 803 1267 882 argumentis
1280 804 1310 880 ι)
1334 805 1422 868 euin-

341 907 435 972 eitun.

429 1009 594 1076 Cernimus
623 1010 706 1074 enim
729 1027 856 1087 earum,
886 1026 969 1090 quae
998 1007 1112 1072 seriem
1142 1007 1323 1073 litterarum
1351 1014 1419 1073 tur-

342 1114 434 1193 bent,
479 1112 751 1193 paragraphorum
789 1111 958 1191 plerasque
995 1110 1174 1190 argumenti
1212 1111 1422 1178 similitudine

341 1215 525 1280 coniunctas
547 1214 734 1295 corpuscula
764 1214 920 1295 quaedam
951 1210 1085 1277 efficere.
1131 1209 1312 1277 Cuiusmodi
1342 1225 1420 1279 sunt

341 1317 379 1398 ἕξ
401 1317 538 1395 33-41‚
570 1334 651 1399 quae
682 1334 742 1380 non
773 1316 874 1380 solum
897 1321 1029 1379 cunctae
1060 1316 1103 1379 ad
1133 1320 1235 1379 artem
1266 1317 1418 1382 musicam

342 1426 498 1500 spectant,
520 1420 577 1483 sed
607 1420 703 1483 etiam
727 1419 840 1482 idoneo
871 1417 939 1482 loco
971 1419 1004 1481 in
1033 1417 1210 1498 catalogum
1239 1418 1420 1500 alphabeti·

341 1540 411 1587 cum
444 1522 583 1586 insertae
614 1528 707 1601 sunt,
732 1521 853 1586 scilicet
883 1527 957 1602 post
986 1515 1117 1583 Λύδιον
1150 1514 1307 1603 ἁρμονίαν
1335 1540 1418 1588 com-

342 1629 561 1704 memoratam,
593 1623 640 1688 ita
670 1633 706 1688 ut
736 1631 892 1706 appareat
925 1622 1116 1688 Clementem
1139 1623 1290 1688 adalind
1314 1643 1417 1690 arma-

342 1727 531 1791 mentarium
556 1725 744 1808 confugisse,
772 1735 808 1791 ut
829 1733 976 1791 ornatum
998 1725 1219 1806 locupletaret.
1265 1727 1418 1793 Similiter

340 1847 410 1894 sese
439 1828 536 1894 habet
572 1829 707 1909 primum
739 1827 924 1906 embolium,
955 1829 1043 1893 cuius
1080 1830 1291 1910 paragraphis
1327 1832 1416 1912 quin-

342 1950 403 2012 que
432 1931 543 2012 primis
576 1930 630 2013 (ἓξ
659 1931 779 2013 6-10)
811 1929 895 1995 inter
927 1949 962 1994 se
993 1931 1119 2004 conexis
1151 1932 1191 1995 de
1224 1931 1417 1997 diuinatione

341 2035 456 2118 agitur.
498 2032 566 2098 Neo
588 2033 729 2098 dubitari
751 2040 869 2116 potest,
892 2033 966 2115 quin
990 2034 1050 2096 hae
1073 2033 1111 2115 ἓξ
1126 2033 1189 2099 alio
1212 2052 1230 2097 e
1251 2033 1339 2100 fonte
1355 2035 1417 2102 huc
1464 2031 1469 2040 '

340 2139 480 2202 intrusae
517 2136 600 2215 sint,
633 2135 780 2217 quoniam
814 2135 921 2200 uerbis
953 2135 1031 2214 ipsis
1063 2134 1230 2200 manifesto
1259 2138 1419 2205 iudicatur

340 2240 475 2321 primam
512 2238 638 2303 embolii
672 2239 908 2319 paragraphum
947 2233 1093 2319 („aioiv
1124 2236 1170 2301 δὲ
1201 2233 1246 2301 οἳ
1271 2245 1305 2303 K
1313 2243 1335 2303 ά
1343 2264 1419 2324 ρας

340 2339 397 2429 τῆν
419 2332 458 2404 δι’
476 2333 624 2423 ἀστέρων
638 2334 827 2423 πρόγνωσιν
841 2337 1082 2434 ἐπινενοηκέναι
1099 2338 1279 2424 λέγουσιν“)
1300 2347 1418 2425 opponi

344 2446 447 2525 primo
479 2443 673 2524 alphabetici
703 2443 841 2524 catalogi
863 2444 991 2507 inuento
1013 2438 1210 2526 (Αἰγύπτιοι
1236 2481 1273 2488 -
1299 2441 1419 2528 άστρο-

344 2543 479 2630 λογίαν).
525 2545 588 2611 Sed
610 2547 637 2610 si
659 2546 731 2627 quis
752 2547 784 2610 in
807 2565 846 2612 ea
869 2564 903 2610 re
925 2545 1073 2624 offendat,
1095 2549 1179 2626 quod
1202 2548 1256 2629 §6
1281 2568 1339 2612 non
1355 2549 1418 2630 ipsi
1457 2607 1461 2614 .

344 2648 551 2733 paragrapho
573 2648 695 2729 primae
718 2648 842 2712 adnexa
863 2654 922 2727 est,
952 2667 1023 2712 eum
1047 2649 1242 2713 admonitum
1267 2651 1338 2714 uolo
1360 2652 1420 2717 hoc

344 2773 413 2820 eam
439 2751 479 2817 ob
505 2769 633 2816 causam
659 2769 728 2816 esse
750 2750 880 2830 factum,
902 2769 940 2814 ne
962 2751 1060 2816 series
1082 2745 1268 2837 εὑρημάτων
1292 2755 1420 2836 Aegyp·

345 2858 461 2921 tiorum
491 2854 790 2934 interrumperetur,
830 2871 965 2934 namque
996 2873 1033 2916 ex
1062 2857 1170 2918 eodem
1202 2855 1303 2920 altero
1333 2855 1421 2922 fonte

345 2959 476 3022 additae
511 2963 586 3022 suut
624 2958 667 3021 ad
697 2957 715 3038 ξ
744 2965 866 3021 sextam
899 2964 1049 3037 quattuor
1079 2958 1175 3021 etiam
1205 2959 1244 3040 ξς
1273 2960 1421 3042 (7-10),

346 3079 427 3140 quae
462 3061 503 3124 ad
533 3060 666 3124 eandem
697 3059 874 3138 materiam,
905 3059 1130 3123 diuinationem
1156 3061 1233 3140 dico,
1266 3070 1421 3142 spectant.

346 3163 414 3226 Has
442 3163 601 3242 excipiunt
632 3163 696 3226 tria
724 3164 870 3228 inuenta:
904 3158 1066 3243 σάλπιγξ,
1099 3155 1205 3243 αὐλός,
1235 3159 1420 3250 γράμματα,

346 3366 561 3448 compilatoris
583 3368 722 3431 dandum
745 3387 815 3432 esse
838 3368 975 3432 uidetur.
1020 3369 1155 3434 Restant
1177 3377 1324 3450 praetera
1347 3389 1421 3434 uon-

347 3470 453 3535 nullae
476 3469 514 3552 §§
536 3469 602 3553 (21,
618 3470 670 3548 26,
685 3470 737 3549 31,
752 3469 804 3548 48,
818 3470 885 3552 49),
907 3489 1040 3551 quarum
1064 3491 1127 3536 uua
1143 3472 1176 3553 (ξ
1197 3472 1239 3538 26
1249 3464 1422 3555 Ἀσσύριοι

348 3610 388 3619 -
416 3568 580 3658 δίχορδον)
608 3578 741 3654 propter
766 3573 945 3651 argumenti
971 3573 1209 3639 similitudinem
1241 3580 1317 3657 apte
1349 3594 1420 3640 cum

354 3816 455 3895 sequi:
478 3815 611 3894 alioquin
634 3806 830 3892 Σεμιράμεως
852 3834 970 3895 quoque
998 3837 1106 3875 nomen
1130 3815 1158 3895 (ὅ
1181 3819 1233 3893 48)
1257 3819 1325 3877 huic
1348 3821 1423 3894 parti

348 3902 502 3976 adsignare
523 3901 634 3960 liceret.

437 3985 467 4065 1)
490 3987 573 4046 Haec
595 3985 808 4050 Eichholtzius,
823 3993 994 4062 persecutus
1017 4008 1077 4046 non
1100 3995 1153 4048 est.
