3184 4886
670 415 904 490 -108-

754 594 812 676 §1

337 695 467 762 Initium
479 694 634 762 iaciamus
648 695 688 763 ab
706 695 752 761 eis
763 693 926 780 catalogis,
942 695 1042 779 quiin
1060 691 1209 760 Ολνυοίοι·
1220 693 1325 758 ouius·

249 798 322 863 dam
353 797 520 882 Byzantini
551 799 761 864 narrationem
795 799 905 864 inserti
937 799 978 863 ad
1010 802 1150 863 nostram
1184 801 1324 861 aetatum

249 904 501 983 permanserunt.
546 900 699 966 Similiter
722 901 803 966 enim
826 907 923 983 etque
939 898 1124 978 christiani,
1147 899 1187 963 de
1210 897 1325 982 quibus

248 1021 346 1086 supra
367 1005 428 1085 egi,
450 1003 575 1071 saeeulo
598 1023 678 1070 nono
701 1003 909 1087 Georgius
940 1002 1169 1069 Monachus
1198 1018 1223 1067 s.
1246 1001 1324 1066 Ha·

249 1106 455 1174 martolus
476 1108 517 1172 ad
534 1107 699 1173 historiam
714 1108 913 1173 inuentoruur
930 1105 1081 1190 confugit,
1098 1105 1182 1170 unde
1197 1110 1324 1170 senten·

249 1209 304 1276 tiis
326 1228 405 1294 quas
426 1211 534 1292 posuit
563 1215 751 1290 argumenta
780 1215 986 1293 compararet.
1031 1208 1076 1273 Et
1096 1208 1234 1290 primum
1257 1205 1324 1290 qui·

249 1313 321 1378 dem
344 1313 375 1378 in
399 1313 547 1392 diatriba
570 1331 633 1397 quo
649 1314 818 1379 multorum
840 1318 873 1378 et
888 1312 1039 1378 falsorum
1055 1313 1186 1377 deorum
1202 1311 1324 1376 cultum

248 1416 380 1498 impium
413 1416 649 1499 absurdumque
679 1414 843 1483 confutare
871 1417 994 1496 studet,
1026 1415 1106 1481 haec
1136 1414 1326 1480 heuremata

247 1517 390 1601 profert:

334 1621 449 1688 Ghron.
470 1622 501 1686 11
522 1625 553 1702 4,
578 1623 618 1689 15
639 1623 689 1688 ed.
712 1623 842 1688 Muralt.
862 1643 894 1706 p.
917 1623 960 1687 44
974 1641 1021 1705 sq.

333 1726 349 1790 1
370 1745 400 1808 p.
416 1727 470 1806 44,
496 1725 628 1792 11-15.
675 1729 690 1790 1
710 1718 761 1790 Ἐκ
782 1724 843 1810 μὲν
865 1723 926 1813 γὰρ
949 1722 1033 1802 Διὸς
1054 1722 1111 1790 τίν
1133 1724 1324 1811 παιδοφθο-

249 1824 322 1911 ρίαν
343 1826 400 1892 καὶ
422 1830 442 1893 2
464 1827 522 1915 τὴν
535 1825 693 1912 μοιχείαν,
717 1829 737 1894 3
759 1826 796 1894 ἐκ
812 1826 848 1893 δὲ
866 1821 1067 1915 Ἀφροδίτης
1081 1824 1138 1913 τὴν
1154 1822 1324 1912 πορνείαν·

247 1928 302 1995 καί
333 1933 354 1995 4
384 1928 420 1996 ἐκ
449 1930 510 2015 μὲν
526 1926 616 2008 Ῥέας
637 1927 694 2018 τήν
717 1924 896 2016 ἀσέλγειαν,
930 1932 951 1996 5
983 1928 1018 1996 ἐκ
1052 1926 1232 2017 δὲ”Λρεως
1251 1927 1327 2007 τούς

113 2091 117 2101 ,
248 2029 375 2119 φόνους,
400 2036 420 2099 6
443 2031 479 2098 ἐκ
495 2028 657 2100 Διονύσου
678 2033 735 2122 τὴν
757 2030 965 2121 οἰνοφλυγίαν
985 2032 1041 2099 καὶ
1064 2031 1101 2116 ἐξ
1117 2027 1324 2098 ίίλλωνίίλλα

246 2133 381 2204 τοιαῦτα
404 2135 568 2225 φυσικὴν
592 2129 689 2225 ἀρχὴν
710 2133 887 2223 εἰληφέναι.

330 2239 363 2305 11
385 2260 416 2323 p.
437 2242 489 2320 44,
513 2241 651 2306 21-27,
692 2233 798 2305 Ἀλλά
821 2261 923 2327 φασιν
954 2236 985 2306 oi
1015 2243 1055 2329 τῇ
1085 2236 1193 2327 πλάνη
1215 2239 1325 2307 δεδου-

251 2437 444 2531 ἆνθρώπσις
470 2442 622 2534 χρήσιμοι
653 2442 810 2530 γεγόνασι.
856 2449 874 2512 7
906 2443 987 2522 Ζεὺς
1015 2445 1076 2530 μὲν
1106 2443 1168 2532 γὰρ
1199 2445 1325 2530 λέγεται

249 2545 437 2636 πλαστικὴν
454 2547 564 2636 τέχνην
580 2546 791 2636 ἐξευρηκέναι,
808 2551 827 2616 8
843 2547 1018 2614 Ποσειδῶν
1035 2547 1071 2614 δὲ
1085 2546 1322 2638 κυβερνητικήν,

247 2647 474 2738 9Ἥφαιστος
494 2651 555 2736 μὲν
581 2650 636 2742 τὴν
656 2648 874 2738 χαλκευτικήν,
906 2653 947 2718 10
969 2645 1174 2738 Ἀσκληπιὸς
1203 2651 1239 2717 δὲ
1267 2650 1322 2740 τὴν

248 2751 394 2843 ἰατρικὴν
415 2753 471 2822 καί
504 2758 540 2822 11
561 2748 739 2822 Ἀπόλλων
768 2753 824 2842 τὴν
845 2751 1018 2843 μουσικήν·
1048 2754 1106 2820 καί
1139 2757 1178 2821 12
1195 2747 1330 2842 Ἀθηνᾶ,

248 2856 308 2942 μὲν
330 2855 388 2946 τὴν
408 2853 593 2947 ὕφανεικίγν,
630 2861 670 2925 13
690 2851 852 2941 ’Ἄρτεμις
882 2856 919 2923 δὲ
941 2856 998 2946 τὴν
1019 2853 1237 2944 κυνηγετικήν·
1267 2856 1325 2923 καί

249 2964 290 3028 14
303 2955 389 3048 Ἥρα
402 2959 462 3045 μὲν
477 2958 664 3046 στολισμόν,
691 2959 730 3027 15
746 2959 901 3050 Δημήτηρ
917 2960 954 3026 δὲ
975 2958 1130 3046 γεωργίαν
1152 2958 1209 3026 καὶ
1230 2956 1324 3027 ίίλλοι

247 3057 380 3141 ι’ίλλας.“

332 3167 382 3231 111
403 3187 434 3248 p.
455 3169 508 3250 44,
531 3167 646 3250 27-ρ,
669 3167 722 3249 45,
744 3170 773 3234 9.
813 3161 935 3234 Οὐκοῦν
956 3164 986 3233 εἰ
1008 3165 1063 3232 διὰ
1086 3166 1146 3245 τὰς
1167 3167 1233 3232 rufo
1255 3190 1325 3247 σεχ-

249 3271 311 3334 νῶν
333 3264 473 3355 εὑρέσεις
494 3267 593 3348 θεοὺς
615 3263 730 3348 αὐτους
752 3267 847 3352 ὀίξιον
869 3263 1133 3357 ἀναγορεύεσθαι,
1167 3268 1241 3335 δίον
1269 3268 1334 3339 καὶ,

247 3366 538 3449 reaccenditur
567 3372 688 3453 τεχνῶν
718 3369 847 3458 εὑρετὰς
877 3368 980 3451 οὕτως
1009 3366 1251 3453 inaudientiae,-
1285 3376 1325 3441 16

248 3472 425 3563 γράμματα
446 3472 588 3562 μὲνγὰρ
615 3474 765 3554 Φοίνικες
786 3465 886 3563 εὗρον,
913 3477 949 3542 17
974 3472 1108 3562 ποίησιν
1130 3474 1166 3540 δὲ
1188 3470 1324 3564 ἡρωικὴν

247 3571 399 3664 Ὅμηρος,
431 3577 487 3643 καὶ
524 3579 563 3644 18
592 3577 796 3667 διαλεκτικὴν
824 3576 884 3663 μὲν
913 3574 1024 3666 Ζήνων
1052 3573 1070 3644 ὁ
1096 3571 1252 3664 Ἐλεοίυης,
1284 3580 1324 3645 19

247 3680 414 3770 ῥηεορικὴν
436 3680 473 3747 δὲ
494 3680 612 3765 Κόραξ
634 3677 653 3747 ὁ
677 3679 910 3764 Συρακούσιος·
934 3680 991 3747 καὶ
1012 3681 1056 3748 20
1074 3680 1242 3767 μελισσῶν
1262 3679 1324 3766 μὲν

247 3782 377 3871 καρπὸν
408 3777 638 3868 δ’Λρισταῖος
651 3789 691 3866 ¹),
724 3787 765 3852 21
798 3780 889 3851 σίτου
919 3783 956 3850 δὲ
983 3780 1109 3869 σπόρον
1130 3783 1187 3850 καὶ
1207 3787 1329 3872 κριθῆς,

338 3943 366 4019 1)
396 3943 445 4002 Ita
473 3943 627 4002 emendoui
659 3962 712 4019 pro
734 3935 941 4020 Ἀριστοτέλης,
972 3945 1008 4004 ef.
1039 3943 1126 4004 Diod.
1149 3943 1192 4002 IV
1216 3948 1264 4017 sl,
1289 3923 1337 4025 23¹l

247 4026 325 4086 Plin.
341 4047 372 4087 n.
387 4029 418 4087 h.
433 4027 496 4089 vn
512 4032 589 4101 199,
612 4028 668 4100 al.;
691 4029 779 4090 etiam
793 4029 851 4088 alia
866 4031 1009 4111 quaedem
1024 4029 1185 4091 minutiora
1199 4028 1325 4090 eorrexi.
