3184 4886
722 374 933 440 ..80-

250 505 252 511 1
291 563 351 609 nou
375 543 479 623 liceat,
502 562 584 624 quae
606 544 755 624 leguntur
776 546 861 627 apud
885 544 1109 610 Plutarchum:
1132 552 1255 628 quaest.
1277 565 1366 613 canu.

291 646 336 712 lx
360 648 390 726 3,
419 648 440 711 2
471 697 505 727 „.
530 700 537 712 .
559 698 566 713 .
591 641 731 734 ,Ἑρμῆς
763 697 771 711 .
795 699 801 712 .
825 645 983 731 ,λέγεται
1014 649 1104 714 θεῶν
1134 645 1168 712 ἒν
1197 644 1366 733 Αἰγύπτῳ

292 746 469 834 γράμματα
492 750 624 833 πρῶτος
646 744 764 836 εὑρεῖν·
787 749 840 816 διὸ
862 748 919 814 καὶ
940 749 978 816 τὸ
1001 750 1068 816 τῶν
1083 747 1283 836 γραμμάτων
1297 747 1366 814 Λί-

293 887 495 901 ——···—

291 957 529 1036 positionemqns
557 957 748 1017 subtilissima
777 959 945 1018 narratione
975 959 1162 1031 describens,
1194 960 1278 1018 utin
1304 960 1368 1035 ipso

291 1043 379 1102 initio
401 1043 496 1118 possit
518 1044 637 1118 agnosci
661 1041 863 1124 magna[rum]
887 1045 972 1120 copis
994 1047 1189 1104 litterarum“.
1234 1045 1279 1102 De
1303 1047 1368 1123 qui-

292 1131 347 1187 bus
369 1129 539 1186 Knaeolrius
561 1149 589 1204 p.
614 1133 674 1185 590
697 1129 756 1187 ita:
794 1125 881 1208 „Dte
912 1128 1008 1194 breite
1037 1128 1251 1211 scbwuelstipe
1279 1128 1368 1192 Aus-

291 1211 424 1294 matuup
446 1212 502 1276 der
526 1211 705 1276 ltotsaote
725 1211 851 1294 peboert
872 1214 1054 1278 uatumlt'clr
1075 1215 1146 1278 dem
1173 1212 1370 1294 Compilator

293 1318 356 1375 om
379 1297 429 1361 als
442 1296 538 1361 Keru
559 1298 652 1362 bleibt
665 1298 785 1380 uebrip,
808 1299 884 1362 dass
906 1301 958 1363 circ
982 1303 1127 1360 Hellenus
1149 1298 1369 1381 ausfuelirliclt

292 1384 387 1448 uebcr
409 1383 460 1447 die
482 1382 859 1467 Buclactabeuerliuduup
879 1385 1049 1467 pelsoudelt
1068 1385 1155 1450 habe.
1179 1435 1186 1448 .
1210 1435 1216 1448 .
1241 1437 1247 1449 .
1279 1384 1371 1449 Fuer

293 1472 439 1530 Hellcnus
461 1469 536 1533 aber
557 1470 600 1534 ist
621 1469 700 1533 olme
722 1469 831 1552 Frage
862 1474 1104 1532 Hellanicus
1134 1491 1176 1536 zu
1197 1470 1386 1552 schretbett,

294 1575 355 1620 aus
377 1555 489 1618 &secu
510 1553 646 1620 Werlscu
666 1554 750 1619 noct
765 1556 853 1619 eiam
869 1555 1065 1639 Vermutuup
1078 1577 1139 1621 oon
1160 1555 1371 1622 Wilomowitr

295 1642 346 1705 die
368 1641 528 1705 roblreiclr
543 1641 842 1723 beruecltsiclrtipteu
864 1636 1018 1717 εὑρήματα
1033 1647 1160 1724 spuetcr
1175 1661 1371 1725 ausgeaopeu

294 1727 365 1791 und
384 1726 690 1810 susammenpsstelu
709 1727 838 1792 worden
859 1728 955 1792 siud.
981 1779 987 1792 .
1011 1731 1040 1792 .“
1062 1732 1187 1808 (Vereor
1203 1750 1239 1788 no
1255 1749 1372 1787 erraue-

294 1817 335 1873 rit
361 1815 625 1884 Wilamowitzius3
649 1815 770 1872 deloco
793 1817 883 1874 (ilem.
905 1817 1005 1888 Alex,
1028 1837 1116 1896 quem
1131 1815 1299 1875 Knaaclrius
1322 1816 1372 1873 ed-

294 1901 402 1977 hibuit,
433 1903 469 1960 cf.
494 1920 582 1976 supra
604 1920 632 1976 p.
661 1905 697 1957 13
715 1899 793 1978 sqq.)
822 1901 889 1958 Non
921 1909 1000 1960 recte
1029 1901 1181 1961 intellexit
1202 1902 1375 1959 Knaackius

296 1987 389 2045 uerba
410 1987 596 2058 Cassiodorii,
627 1993 658 2046 et
684 1985 790 2044 mirum
821 1993 874 2059 est,
905 1989 983 2066 quod
1012 1988 1042 2044 in
1075 2008 1175 2047 errore
1198 2007 1250 2045 suo
1273 2005 1375 2063 perse·

295 2072 421 2144 uerauit,
444 2073 500 2130 etsi
523 2079 626 2147 postea
648 2073 713 2147 ipse
735 2071 777 2149 (p.
794 2078 855 2131 600
872 2075 929 2151 sq.)
952 2073 982 2130 in
1005 2073 1129 2133 alterum
1145 2075 1241 2132 locum
1257 2073 1372 2145 incidit,

296 2178 354 2236 qno
379 2158 580 2216 Cassiodorius
602 2157 682 2216 idem
704 2159 832 2216 auctoris
855 2178 962 2216 nomen
985 2158 1019 2216 in
1033 2161 1134 2218 eodem
1158 2159 1374 2218 sententiarum

297 2263 378 2300 nexu
400 2243 547 2301 laudauit:
572 2244 607 2300 de
630 2251 684 2301 art.
708 2261 741 2302 ac
764 2244 833 2302 disc.
861 2249 873 2301 l
899 2265 926 2320 p.
945 2244 1058 2303 529²G
1080 2272 1123 2294 =
1145 2244 1235 2302 Keilii
1262 2240 1374 2306 Grata.

297 2326 371 2390 Lot.
404 2329 465 2387 VII
498 2349 527 2405 p.
560 2331 631 2403 214,
657 2333 703 2386 18.
743 2329 810 2386 Hoc
842 2329 906 2388 loco
936 2336 1092 2408 postquam
1125 2350 1185 2388 non
1216 2329 1373 2402 Mercurio,

298 2416 374 2474 sicut
394 2415 493 2490 priore
510 2415 583 2486 loeo,
607 2415 657 2472 sed
680 2413 816 2472 Cadmo
839 2415 952 2474 litteras
967 2416 1104 2474 inuentae
1121 2416 1263 2484 attribuit,
1288 2414 1375 2488 „reli-

299 2520 372 2578 quas
394 2499 541 2573 (litteras),
563 2499 671 2578 inquit,
693 2499 750 2577 ipsi
774 2501 803 2570 (i.
820 2519 846 2558 e.
870 2500 986 2574 Graeci)
1009 2501 1168 2560 uiuacitate
1191 2501 1280 2558 animi
1305 2519 1375 2575 sup·

298 2587 465 2662 pleusrunt.
504 2587 540 2642 de
569 2604 693 2662 quarum
724 2585 921 2661 positionibus
954 2595 1043 2667 atque
1073 2587 1234 2646 uirtutibus
1263 2585 1376 2644 Graece

298 2672 514 2743 Hellenus,
552 2671 657 2729 Latine
696 2671 937 2730 Priscianus
969 2672 1118 2747 suptiliter
1151 2675 1373 2731 tractauerunt“

298 2760 425 2836 (textum
458 2758 572 2816 correxi
596 2776 634 2814 ex
664 2756 763 2814 codice
791 2757 1023 2831 Bambergeusi).
1055 2759 1133 2832 Ergo
1165 2762 1195 2815 et
1224 2759 1280 2815 hoc
1310 2757 1375 2815 loco

298 2845 442 2903 Hellenus
465 2863 522 2900 nou
548 2840 583 2900 de
605 2842 818 2914 inuentoribus,
842 2844 892 2900 sed
916 2844 951 2900 de
980 2843 1140 2901 uirtutibus
1163 2862 1196 2900 ec
1218 2843 1374 2918 positioni-

298 2932 354 2987 bus
375 2929 539 2988 litterarum
563 2926 759 3004 disputauisse
782 2929 897 2988 dicitur.
943 2933 1040 3008 Atque
1056 2929 1293 3008 quandoquidem
1309 2947 1375 2986 cum

301 3015 451 3072 Prisciauo
468 3013 662 3090 componitur,
685 3032 753 3086 gra
763 3034 790 3070 m
801 3034 826 3070 m
837 3014 893 3072 ati
904 3033 985 3072 cum
1007 3015 1193 3092 requirimus.
1208 3015 1284 3071 Nam
1306 3032 1375 3089 pro·

286 3098 347 3158 'eul
371 3101 459 3157 dubio
481 3100 697 3174 intellegendus
721 3103 766 3158 est
781 3100 949 3157 Priscianus
964 3100 1176 3172 caesareensis,
1199 3099 1375 3158 Cassiodorii

301 3185 442 3264 aequalis,
463 3185 574 3264 quippe
602 3205 618 3243 e
641 3185 723 3244 cuius
745 3181 990 3247 Institutionum
1012 3185 1087 3244 libro
1110 3186 1126 3242 1
1148 3185 1212 3260 ipse
1235 3190 1376 3260 excerpta

300 3271 471 3350 reliquerit:
494 3270 544 3328 GL
569 3271 627 3328 VII
650 3290 679 3346 p.
702 3272 761 3328 207
780 3290 844 3350 sqq.
868 3269 933 3333 Quo
957 3290 1021 3329 cum
1044 3271 1152 3329 saeculi
1168 3291 1196 3346 p.
1213 3273 1281 3330 chr.
1297 3271 1375 3328 sexti

302 3355 492 3432 grammatico
514 3375 546 3413 re
568 3374 639 3414 uera
667 3356 792 3427 „mirum
814 3358 845 3414 iu
869 3358 1006 3414 modum“
1029 3357 1219 3430 coniungitur
1241 3356 1375 3414 Hellani-

303 3464 368 3514 cus,
410 3441 628 3500 uetustissimus
666 3441 838 3514 historicus,
872 3461 958 3521 quem
993 3442 1164 3500 Knaaolrius
1198 3443 1377 3503 substituere

302 3528 405 3589 uoluit.
430 3528 521 3587 Porro
545 3546 583 3583 ex
605 3528 750 3585 Knaaokii
774 3529 943 3586 coniectura
958 3547 1056 3586 nonne
1072 3527 1232 3602 conligitur
1247 3527 1374 3586 Priscia-

302 3635 371 3673 num
387 3633 513 3693 ‘quoque
535 3612 722 3687 „suptilitsr“
746 3613 781 3671 de
803 3613 910 3672 litteris
932 3613 1064 3672 inuentis
1086 3613 1202 3688 egisse?
1233 3617 1375 3672 Attamen

302 3701 351 3759 hic
374 3719 408 3758 ea
422 3719 453 3757 re
470 3700 506 3756 ab
521 3699 587 3757 aliis
602 3699 799 3772 grammaticis
820 3699 934 3758 Latinis
956 3699 1156 3774 distinguitur,
1173 3701 1251 3778 quod
1267 3701 1303 3757 ds
1318 3700 1374 3756 hac

302 3787 425 3844 materia
452 3785 528 3843 nihil
551 3785 635 3856 dixit,
657 3784 713 3842 nisi
738 3785 815 3864 quod
838 3784 979 3843 Varronis
1002 3786 1177 3844 seutentiam
1200 3785 1373 3843 breuissime

304 3871 562 3930 commemorauit:
594 3869 645 3929 GL
667 3871 698 3926 Il
721 3889 749 3945 p.
774 3874 801 3941 8,
828 3875 840 3927 l
859 3889 924 3949 sqq.
947 3869 1021 3932 Quis
1051 3876 1148 3930 eutem
1171 3872 1261 3930 fuerit
1281 3869 1375 3944 „Hel-

303 3957 407 4017 lenus“
428 3955 488 4031 ille,
511 3956 627 4029 nescior,
650 3955 687 4016 cf.
708 3955 799 4014 Keilii
822 3957 888 4018 adn.
