3184 4886
730 423 771 436 ..
816 381 942 453 76...

297 559 382 642 apod
414 561 521 645 Lydas
554 560 701 627 mulieres
732 559 878 626 floruisse
909 559 1011 625 tradit
1041 557 1187 624 Eustath.
1210 559 1253 624 ad
1283 557 1374 624 Dion.

297 662 369 728 Per.
390 664 453 731 839
483 671 515 730 et
544 665 691 731 Arachne
723 682 847 745 qnoque
869 664 961 747 Lyda
986 663 1187 744 perhibetur:
1220 663 1278 726 0u.
1302 666 1376 725 met.

297 767 342 832 VI
364 769 467 850 osqq.
497 805 538 814 —
570 767 663 844 Quod
692 774 799 833 autem
828 768 888 832 hoc
919 768 987 832 loco
1018 766 1100 830 sicut
1132 766 1171 847 ἕξ
1194 766 1236 830 22
1269 772 1302 828 et
1333 766 1376 831 30

296 869 489 951 cogitatione
504 870 713 952 supplendum
729 875 780 935 est
794 869 938 951 ,‚primi“,
953 869 985 934 in
998 868 1214 934 heurematico
1229 867 1375 949 catalogo

296 973 350 1036 uix
373 972 594 1053 reprehendes.
620 1008 659 1018 -
681 974 701 1055 ᾗ
724 971 782 1037 24:
806 971 920 1051 Verba,
941 989 1024 1052 quae
1045 977 1204 1051 secuntur,
1226 977 1376 1051 corrupta

297 1082 330 1139 et
346 1073 492 1140 mutilata
507 1080 544 1139 ut
558 1075 664 1140 sanari
680 1075 812 1158 possint,
843 1080 957 1139 metuo.
980 1072 1160 1139 Tumehum
1177 1079 1210 1138 et
1225 1072 1375 1139 Muncke-

297 1196 366 1242 rum
398 1183 526 1242 secutus
556 1176 751 1243 Schmidtius
782 1177 897 1258 „iidem
921 1177 1064 1242 stamen“
1095 1176 1235 1257 scripsit,
1267 1182 1374 1240 tamen

297 1298 397 1362 neque
418 1280 459 1344 do
480 1281 617 1346 stamine
638 1281 768 1345 inuento
789 1281 958 1362 quicquam
990 1279 1144 1344 traditum
1168 1279 1244 1359 uidi,
1274 1296 1374 1358 neque

296 1381 386 1447 aliud
407 1381 508 1448 habco
531 1383 692 1466 Lydorum
723 1375 798 1464 aiio,
825 1381 909 1462 quod
940 1399 1126 1462 supponam.
1149 1380 1321 1447 Schneider
1343 1400 1375 1462 p.

297 1485 339 1550 50
355 1503 400 1567 sq.
424 1485 610 1551 hariolator.
633 1523 674 1532 —

382 1589 464 1670 §25
493 1588 581 1670 „Pan
608 1587 735 1654 fistulae
764 1595 890 1655 cantum
923 1589 1045 1670 primus
1076 1588 1228 1652 inuenit.“
1272 1587 1375 1651 Test:

296 1690 391 1772 Verg.
414 1691 483 1756 buc.
506 1688 661 1756 113tof.
684 1689 761 1755 VIII
784 1693 839 1771 243
870 1691 951 1756 Plin.
973 1711 1004 1754 n.
1028 1689 1058 1754 h.
1082 1690 1143 1754 VII
1166 1691 1247 1768 2043
1279 1688 1374 1754 Paos.

298 1793 376 1857 VIII
398 1793 449 1874 38,
473 1797 523 1873 11,
546 1793 600 1858 uhi
622 1812 732 1859 nomen
755 1813 880 1876 quoque
902 1793 1047 1858 adfertur
1069 1793 1138 1872 loci,
1166 1812 1227 1875 quo
1249 1791 1376 1857 fistulae

297 1897 407 1962 modos
436 1897 664 1978 excogitaucrit
698 1896 780 1976 Pan;
810 1897 851 1963 al.
875 1896 1062 1962 Celebratur
1092 1897 1189 1960 etiam
1220 1894 1280 1960 hoo
1310 1889 1375 1979 εὕρ.

295 1997 404 2064 fabula
432 2000 505 2079 illa,
527 2018 608 2080 quae
637 2004 687 2065 est
720 1999 760 2063 de
798 1998 931 2081 Syringe
961 1997 1116 2081 nympha:
1162 1998 1222 2062 Ou.
1255 2002 1329 2063 met.
1360 1998 1376 2062 1

296 2102 358 2168 689
373 2121 457 2185 sqq.;
482 2104 579 2184 Long.
603 2102 713 2181 11343
736 2102 777 2168 al.
793 2101 915 2166 Fistula
938 2120 1052 2168 canens
1074 2101 1142 2166 Pan
1163 2099 1294 2182 fingitur
1308 2101 1373 2165 iam

298 2204 405 2286 hymn.
430 2204 522 2271 Hom.
546 2206 577 2270 in
602 2206 676 2270 Pan.
702 2204 758 2283 15;
790 2210 823 2269 et·
853 2200 966 2289 σύριγξ
988 2206 1056 2270 eins
1079 2204 1265 2284 saepissime
1288 2220 1374 2267 com-

297 2312 499 2388 memoratur,
515 2307 602 2372 uelut
619 2307 694 2373 Eur.
709 2308 735 2372 1.
746 2307 781 2371 T.
799 2307 897 2387 11263
915 2308 988 2371 Luc.
1000 2307 1086 2370 deor.
1099 2305 1173 2372 dial.
1185 2305 1278 2370 XXII
1290 2307 1319 2371 3.
1333 2342 1374 2352 -

382 2409 401 2490 ξ
432 2409 473 2476 26
505 2411 561 2492 „ln
594 2409 701 2475 Sicilia
736 2407 928 2474 frumentum
959 2407 1052 2473 Ceres
1085 2409 1188 2490 prima
1223 2407 1375 2473 inuenit.“

296 2511 401 2577 Test:
425 2512 517 2578 Diod.
532 2513 561 2578 V
582 2514 613 2594 4,
629 2513 668 2592 33
692 2512 770 2577 Plin.
795 2532 823 2577 n.
840 2512 870 2576 h.
886 2511 949 2576 VH
968 2511 1044 2590 1913
1069 2510 1165 2575 Solio.
1181 2528 1212 2590 p.
1227 2508 1373 2590 onitu.

297 2611 343 2679 Oi.
367 2612 450 2680 inira
472 2635 503 2698 p.
526 2616 568 2682 83
583 2633 631 2698 sq.
653 2653 694 2662 —

383 2717 401 2799 ξ
424 2718 465 2783 27
488 2717 693 2801 „Tyrrhenus
707 2716 855 2782 Herculis
878 2715 962 2782 filius
985 2716 1094 2781 tubam
1110 2717 1232 2797 primus
1253 2717 1376 2781 inuenit

297 2819 357 2884 hac
388 2821 529 2886 ratione:
570 2820 654 2901 quod
687 2837 757 2885 cum
798 2837 892 2883 carne
931 2819 1112 2900 humana1)
1145 2819 1275 2884 comites
1306 2818 1375 2883 eius

301 2929 513 3003 noscerentur,
535 2922 574 2988 oh
592 2922 813 2988 crudelitatem
829 2922 949 2986 incolae
966 2921 1050 2986 circa
1066 2922 1224 3002 regionem
1239 2921 1374 3003 diffuge-

298 3029 380 3103 runt,
404 3032 479 3090 tnnc
500 3025 554 3090 ille
576 3024 657 3110 <cum
680 3023 807 3109 ali>quis
829 3044 866 3088 en
891 3042 999 3089 eorum
1015 3021 1167 3108 (numero)
1184 3024 1374 3103 decesserat,

297 3127 415 3191 concha
437 3134 566 3208 pertusa
588 3127 770 3194 huccinauit
793 3134 827 3192 et
849 3146 965 3209 pagum
982 3128 1178 3208 conuocauIt,
1202 3125 1374 3205 testatique

298 3233 375 3294 sunt
395 3248 429 3293 se
445 3239 603 3295 mortuum
619 3231 802 3310 sepulturae
818 3231 895 3294 dare
910 3249 967 3295 neo
983 3247 1173 3294 consumere.
1196 3230 1280 3294 unde
1296 3229 1374 3294 tuba

297 3331 495 3414 Tyrrhenum
518 3332 615 3396 melos
638 3333 764 3397 dicitur.
795 3334 878 3415 quod
909 3332 1085 3412 exemplum
1115 3332 1210 3397 hodie
1239 3330 1373 3395 Romani

297 3440 437 3514 seruant,
459 3441 585 3500 etcum
608 3433 723 3515 aliquis
740 3435 885 3515 decessit,
908 3434 1064 3499 tubicines
1086 3440 1216 3499 cantant
1231 3440 1265 3498 et
1279 3433 1372 3497 amici

297 3540 511 3603 conuocantur
532 3535 670 3600 testandi
692 3537 798 3617 gratia
812 3555 884 3601 eum
906 3555 1007 3616 oeque
1031 3555 1149 3602 ueneno
1172 3555 1273 3618 neque
1287 3534 1372 3599 ferro

295 3639 484 3707 interiisse.“

402 3797 413 3874 )
437 3755 603 3856 (tf-sohel.
625 3795 711 3853 Pind.
734 3797 823 3874 Pyth.
846 3797 879 3854 II
904 3802 921 3854 3
947 3790 1002 3866 „td
1026 3797 1099 3874 γοῦν
1121 3787 1373 3873 ἇνθρωποθυτεῑν

297 3900 390 3955 φησιν
413 3873 431 3940 o‘
455 3875 646 3958 Oromandros
668 3877 699 3938 ἐν
721 3884 762 3962 τῷ
785 3878 851 3959 περὶ
879 3883 1040 3960 Τυρσηνῶν
1062 3875 1241 3942 παύσασθαι
1263 3874 1372 3952 arianos

298 3964 430 4036 Γέλωνος
452 3961 701 4046 προστάξαντος.“
