3190 4882
719 332 932 398 -40..

371 503 390 584 ξ
412 501 455 567 35
468 520 515 585 sq.
545 497 747 588 ,,<ορίχορδον
769 499 806 565 δὲ
826 495 949 585 ὁμοίως
970 497 1025 565 καὶ
1047 498 1103 586 τὴν
1125 495 1276 566 διάτονον
1298 495 1362 586 dp»

286 597 534 688 μονίοιν”Αγνιν
555 600 612 667 τὸν
633 601 692 668 καὶ
713 595 811 667 αδτδν
830 597 980 688 Φράγα)“.
1014 602 1129 669 Totum
1154 603 1367 684 enuntiatum,
1441 657 1445 662 .

285 706 374 789 quod
395 705 546 773 librarius
561 705 735 773 clementis
750 704 1002 774 homoeoteleuto
1017 705 1165 771 inductus
1186 706 1303 787 omisit,
1326 725 1365 771 ex

288 808 429 876 Eusebio
459 808 642 891 suppletum
675 813 733 874 est.
766 802 885 891 ’Ἀμνις
918 807 1051 874 nominis
1084 805 1236 889 formam,
1268 825 1368 890 quam

290 909 433 994 Scaliger
463 911 496 975 in
518 902 648 992 Ὕαγνις
676 911 893 990 commutauit,
926 908 1125 976 retinendam
1155 928 1225 976 esse
1255 911 1368 974 admo·

288 1012 635 1096 nuitlStudemundius
655 1013 744 1079 Αιιιι.
775 1015 850 1078 inst.
882 1013 967 1078 ονοίι.
993 1012 1100 1078 Germ.
1122 1013 1152 1078 V
1175 1012 1258 1078 1890
1279 1031 1309 1094 p.
1334 1013 1363 1078 3.

291 1115 444 1180 —Unus
467 1122 500 1180 et
521 1114 615 1181 huius
637 1115 699 1182 loci
722 1115 817 1182 testis
839 1119 890 1180 est
920 1115 1113 1196 Anonymus‚
1145 1116 1234 1180 cuius
1266 1117 1370 1181 uerba

290 1218 383 1284 modo
407 1218 618 1300 transscripsi,
649 1218 696 1283 ita
729 1224 847 1298 tamen,
876 1223 913 1283 ut
944 1236 1004 1284 non
1034 1217 1136 1284 solum
1150 1210 1280 1300 Ὕαγνις
1302 1215 1365 1282 ior-

290 1339 388 1399 mam,
411 1321 468 1384 sed
491 1319 586 1385 etiam
610 1339 668 1402 pro
691 1318 896 1386 clementinis
917 1317 995 1406 ,μὴν
1017 1314 1166 1384 διάτονον
1187 1315 1371 1407 ἁρμονίαν“’

292 1421 442 1488 exhibeat
465 1419 541 1510 ,μὴν
564 1418 788 1509 ἐναρμονίαν“.
832 1423 868 1487 In
899 1423 960 1488 hac
988 1428 1094 1488 autem
1124 1424 1284 1506 scriptura
1305 1442 1366 1488 non

291 1525 403 1589 dubito
433 1525 509 1607 quin
543 1526 690 1590 mendum
721 1525 831 1590 lateat.
875 1523 1016 1590 Primum
1048 1527 1130 1591 enim
1153 1520 1172 1612 ἦ
1194 1522 1373 1613 ἐναρμονία

291 1626 528 1692 substantiuum
560 1645 714 1709 nusquam
745 1627 875 1710 legitur3
909 1628 1024 1693 deinde
1053 1645 1124 1692 eum
1156 1625 1194 1694 τὸ
1217 1624 1372 1696 διάτονον

294 1735 326 1795 el
360 1725 398 1792 τὸ
431 1725 620 1817 ἐναρμόνιον
651 1731 736 1796 inter
772 1749 808 1796 se
839 1729 989 1796 differant
1023 1766 1062 1778 -
1096 1749 1169 1796 nam
1200 1731 1264 1797 tria
1294 1737 1369 1796 sunt

293 1831 544 1898 modulationum
560 1852 695 1916 genera:
718 1833 923 1912 diatonicum,
946 1833 1186 1914 chromaticum,
1202 1833 1374 1898 enharmo-

293 1936 380 2000 nium
392 1934 422 2020 ¹)
447 1973 498 2018 -,
522 1942 691 2017 utrumque
713 1955 812 2016 genus
834 1937 875 2000 ad
898 1939 1032 2002 eundem
1062 1936 1259 2001 inuentorem
1286 1934 1369 2000 rela-

294 2043 361 2105 tum
385 2057 455 2105 esse
478 2040 532 2104 uix
547 2039 745 2117 crediderim,
767 2039 914 2120 quamuis
929 2039 1076 2104 diuersae
1091 2052 1187 2120 saepe
1201 2037 1374 2103 heurema·

294 2140 429 2206 ticorum
461 2141 638 2206 sententiae
667 2141 750 2206 inter
779 2158 812 2206 se
841 2139 1013 2224 fuerinte).
1057 2139 1176 2206 Tamen
1199 2139 1373 2223 quominus

295 2241 488 2308 Clementem
518 2247 552 2308 et
581 2243 779 2326 anonymum
802 2242 989 2323 corrigendo
1011 2243 1182 2308 concordes
1203 2240 1368 2320 iaciamus,

296 2342 434 2426 impedit
455 2346 552 2410 etiam
575 2345 649 2426 alia,
671 2363 752 2427 quae
767 2345 901 2425 accedit,
923 2345 1085 2411 dissensio.
1124 2344 1294 2412 Praeterea
1308 2353 1376 2426 quo

296 2446 389 2511 modo
412 2447 594 2529 corruptela
614 2449 702 2529 apud
732 2452 830 2514 Anon.
862 2449 1005 2514 sananda
1028 2448 1080 2526 sit,
1111 2448 1287 2512 diiudicare
1310 2455 1375 2512 non

295 2549 440 2629 audeam,
473 2551 621 2632 quoniam
645 2569 684 2616 ex
713 2548 769 2638 τὴν
792 2547 984 2638 ἐναρμονίαν
1012 2549 1139 2618 facilius
1169 2551 1299 2616 uidetur
1321 2567 1377 2614 re·

297 2651 431 2718 stituere
453 2649 490 2718 ad
515 2648 706 2737 ἐναρμόνιον
728 2672 821 2734 quam
845 2651 901 2740 τὴν
924 2648 1074 2718 διάτονον
1097 2647 1264 2739 ἁρμονίαν.
1287 2689 1328 2699 -

385 2756 467 2838 §37
497 2750 685 2841 „apodasmo
718 2753 755 2820 δὲ
777 2747 951 2838 ’Όλνμνιον
981 2749 1106 2839 ὁμοίως
1129 2752 1192 2820 ,τὸν
1230 2749 1374 2839 Φρύγαίι.

297 2859 381 2925 Plut.
406 2858 447 2923 de
477 2877 557 2924 mus.
588 2859 627 2924 5:
656 2849 894 2941 ,Ἀλέξανδρος
925 2850 958 2920 δ’
991 2855 1024 2921 ἒν
1045 2859 1085 2944 τῇ
1113 2857 1282 2944 σονοιγωγῖ·
1306 2856 1379 2922 τῶν

298 2961 378 3046 περὶ
404 2958 548 3049 Φρυγίας
576 2955 744 3046 κρούματα
763 2955 936 3044 Ὄλυμπον
966 2955 1028 3047 ἔφη
1057 2959 1193 3046 πράτον
1222 2957 1270 3038 είς
1296 2956 1377 3036 τοίς

297 3060 444 3149 Έλληνας
466 3060 632 3148 κομίσανί,
657 3083 696 3129 ex
718 3065 923 3146 inscriptione
939 3065 1038 3146 igitur
1052 3063 1125 3130 libri
1143 3064 1284 3130 conicere
1298 3062 1374 3128 licet

299 3167 339 3233 ab
363 3167 543 3234 Alexandro
566 3167 734 3248 Olympum
757 3167 951 3248 perhibitum
973 3185 1043 3232 esse
1065 3165 1233 3248 Phrygem.
1249 3165 1378 3249 Mysum

300 3287 377 3337 uero
400 3269 535 3333 eundem
550 3269 715 3351 appellant
737 3271 867 3335 inuento
888 3270 1015 3352 quidem
1039 3267 1224 3336 confirmato
1247 3267 1334 3336 Suid.
1349 3285 1378 3331 s.

297 3366 454 3454 '‘otoma,
494 3370 596 3437 Schol.
621 3371 702 3437 Plat.
732 3390 763 3452 p.
787 3373 860 3454 925,
891 3374 934 3439 22
963 3371 1076 3452 Turia,
1105 3371 1246 3454 itemque
1276 3373 1377 3437 Anon.

301 3476 440 3542 Cramer.
467 3474 499 3555 (ξ
525 3473 588 3555 18).
634 3474 748 3554 Itaque
777 3472 881 3541 facere
912 3494 972 3540 non
1000 3492 1177 3556 possumus,
1208 3473 1282 3554 quin
1306 3469 1378 3536 Ole-

387 3716 417 3795 1)
440 3715 484 3774 Oi.
502 3716 632 3774 Macrob.
649 3734 742 3774 somn.
765 3716 842 3793 Soip.
866 3716 951 3791 114,
979 3721 1029 3791 133
1053 3715 1170 3776 Vitruu.
1195 3715 1220 3771 V
1245 3721 1271 3789 4,
1294 3713 1323 3773 Β.
1354 3695 1359 3766 ί

387 3805 418 3880 2)
441 3800 574 3860 Ariston.
596 3819 643 3876 ep.
666 3798 746 3861 Plni.
770 3802 806 3860 de
829 3820 901 3861 mus.
927 3807 975 3876 11,
1001 3805 1015 3860 1
1040 3794 1073 3859 τδ
1098 3797 1276 3879 ἐναρμόνιον
1291 3797 1380 3878 γένος

303 3887 430 3965 Olympo
454 3887 630 3962 adsignauit.
