3190 4882
719 389 931 456 ...14-

287 542 323 624 re
353 559 601 641 demonstratur,
632 561 716 642 quod
746 562 779 625 in
809 559 903 625 Plinii
941 568 974 624 et
1005 559 1175 627 Clementis
1207 560 1371 643 catalogis,

287 679 419 742 qnorum
456 663 625 726 maximam
666 668 753 728 certe
794 668 917 744 partem
951 681 989 726 ex
1020 661 1109 727 libris
1143 663 1369 729 heurematicis

287 764 465 827 deriuatam
496 782 566 829 esse
598 763 680 828 inira
709 766 941 846 intellegemus,
976 764 1144 846 Hesiodus
1174 764 1370 844 Herodotus,

287 865 419 946 Ctesias,
442 864 632 931 Aristoteles
654 867 708 931 alii
731 869 934 932 nominantur
949 872 1057 932 testes.
1102 867 1138 930 In
1160 869 1369 948 excerpendis

288 985 362 1032 nero
385 969 597 1033 uetustiorem
620 970 811 1049 scriptorum
834 969 911 1034 locis
942 969 1269 1050 heurematographos
1292 988 1367 1034 non-

291 1088 461 1151 numquam
485 1069 685 1150 neglegentia
707 1073 752 1135 ita
775 1072 883 1153 lapsos
897 1089 976 1150 esse,
999 1077 1036 1134 ut
1053 1089 1104 1136 res
1120 1071 1367 1149 commiscerent,

286 1172 480 1238 luculentum
512 1178 617 1237 exstat
646 1173 822 1253 exemplum
856 1175 887 1237 in
920 1173 1065 1254 catalogo
1087 1173 1241 1239 Pliniana.
1286 1173 1367 1238 Gon-

286 1276 431 1340 tenditur
452 1275 536 1339 enim
559 1294 588 1338 n.
604 1275 635 1339 h.
657 1275 719 1339 VH
741 1276 803 1340 207
813 1297 820 1339 :
844 1276 1024 1356 „triremem
1048 1275 1253 1358 Thucydides
1276 1277 1365 1340 Ami-

288 1376 398 1441 noclen
431 1375 628 1442 Corinthium
662 1377 811 1456 (primum
844 1374 955 1440 iecisse
991 1382 1103 1442 auctor
1135 1379 1230 1460 est)“.
1282 1379 1366 1443 Loco

287 1487 404 1560 tamen,
437 1479 493 1559 qui
521 1477 689 1558 respicitur
711 1479 742 1559 (Ι
766 1479 830 1559 13),
852 1476 1054 1559 Thucydidas
1085 1481 1155 1558 ipse
1177 1480 1294 1543 tradit:
1318 1474 1366 1543 ‘in

288 1581 425 1646 Graecia
445 1581 583 1660 primum
607 1579 749 1645 Corinthi
780 1579 965 1647 aedificatas
996 1598 1066 1644 esse
1088 1581 1244 1662 triremes
1275 1582 1365 1644 Ami-

289 1682 408 1746 noclem
431 1687 547 1761 autem,
572 1682 778 1748 Corinthium.
792 1681 927 1761 fabrum,
958 1682 1072 1747 Samiis
1093 1689 1245 1764 quattuor
1267 1701 1366 1748 naues

290 1783 481 1850 fabricatum
524 1775 609 1850 asse‘.
665 1784 814 1849 Peccauit
847 1785 947 1866 igitur
985 1785 1367 1866 heurematographus1),

289 1903 381 1966 quem
405 1885 527 1951 Plinius
549 1886 568 1950 l.
585 1887 605 1950 l.
622 1886 799 1966 exscripsit.
845 1886 946 1950 Simili
961 1893 1067 1951 autem
1091 1887 1191 1951 errori
1206 1887 1367 1966 boutema,

287 1989 372 2070 quod
406 1989 560 2053 Tatianus
589 1988 754 2054 Hellanioo
783 1995 912 2054 auctore
935 1989 1075 2070 ¹laudato
1106 1989 1124 2069 ξ
1155 1989 1193 2053 17
1228 1989 1366 2069 exhibet,

288 2091 432 2156 tribuere
454 2090 544 2155 nobis
567 2091 652 2169 licet,
686 2108 757 2155 cum
780 2091 843 2154 alio
866 2091 1007 2155 eiusdem
1030 2092 1167 2155 auctoris
1189 2090 1367 2170 fragmento

285 2192 532 2275 perspiciamus
561 2194 718 2274 quomodo
748 2198 852 2259 ortum
883 2193 935 2256 sit.
992 2193 1221 2256 Westermanni
1257 2192 1366 2256 Porc-

287 2297 414 2378 docopr.
448 2313 478 2376 p.
508 2295 572 2359 215
603 2294 659 2375 (=
688 2294 778 2358 FHG
811 2295 878 2374 Ip.
909 2293 950 2358 68
980 2293 1018 2357 fr.
1053 2294 1147 2376 rosh)
1180 2287 1363 2375 „''Acoooc.

290 2393 417 2480 Ταύτην
449 2394 548 2480 φησὶν
581 2391 662 2460 Ἑλλ.
693 2391 759 2460 ὑπὸ
790 2397 847 2459 τοῦ
878 2393 1005 2480 πατρὸς
1032 2387 1218 2478 Ἀριάσπον
1240 2391 1285 2474 ὡς
1307 2391 1364 2482 ἄρ-

288 2523 364 2585 ρενα
385 2501 566 2584 τραφεῖσαν
589 2495 814 2578 διαδέξασθαι
835 2496 891 2584 τὴν
913 2494 1091 2579 βασιλείαν.
1120 2503 1301 2584 κρνβαῦααν
1329 2498 1365 2562 δὲ

289 2601 344 2688 τὴν
360 2604 424 2667 τῶν
438 2598 575 2684 γυναίων
598 2597 748 2665 ἐπίνοιαν
770 2596 886 2685 τιάραν
907 2595 1039 2686 πρώτην
1061 2596 1211 2686 φορέσαι,
1233 2596 1364 2686 πρώτην

286 2794 489 2802 ψ.-

286 2934 375 2972 mann
398 2934 500 2973 omnes
522 2920 573 2972 aut
595 2919 674 2972 certe
690 2912 846 2990 plerasque
868 2915 957 2970 huius
980 2914 1097 2988 generis
1119 2913 1296 2988 scriptiones
1317 2934 1363 2973 re·

287 3000 417 3057 censuit:
439 2996 620 3081 Baptracpe
634 3016 694 3061 ινα
715 2995 901 3062 Gesclrichte
917 2997 974 3060 dar
991 2997 1218 3078 Ersircdunpan
1241 2999 1257 3056 Ι
1284 3001 1362 3057 1786

285 3105 315 3160 p.
333 3089 383 3147 58.
409 3089 478 3143 153.
502 3090 573 3143 260.
599 3089 669 3142 316.
694 3090 771 3156 535;
793 3085 845 3142 III
870 3084 950 3142 1792
973 3103 1001 3158 p.
1018 3090 1088 3142 452.
1114 3089 1191 3156 5593
1214 3085 1258 3144 IV
1283 3086 1362 3142 1799

287 3189 316 3244 p.
340 3175 411 3228 464.
454 3170 525 3244 Ipse
548 3171 666 3244 inspexi
690 3170 761 3242 eius,
786 3170 837 3249 qui
852 3169 1063 3243 antesignanus
1079 3171 1183 3228 horum
1200 3170 1362 3227 studiorum

286 3262 316 3313 ot
338 3257 404 3313 fons
436 3257 567 3312 omnium
599 3257 660 3312 iere
691 3257 888 3313 recentiorum
918 3255 1048 3312 eiusdem
1080 3254 1180 3313 classis
1212 3263 1362 3313 auctorum

286 3340 420 3412 exstitit,
453 3339 649 3414 Polydori
675 3338 854 3413 Vergilii
887 3340 1039 3399 Urbinatis
1067 3337 1119 3402 De
1145 3337 1364 3402 incentoribus

285 3443 393 3487 rerum
424 3422 518 3487 bibres
549 3427 613 3486 tres
642 3425 698 3498 (ed.
723 3443 747 3481 a.
776 3425 885 3500 1509),
918 3425 1001 3484 onius
1031 3426 1128 3501 operis
1157 3425 1364 3484 Beckmannus

287 3517 325 3569 56
352 3510 497 3569 editiones
530 3510 730 3584 enumerauit,
764 3516 794 3568 et
819 3512 859 3568 M.
887 3507 1059 3571 Antonii
1093 3510 1287 3569 Sabellici
1310 3507 1363 3572 De

286 3615 395 3659 rerum
417 3599 448 3658 et
468 3593 588 3657 ortium
607 3592 830 3682 incentoribus
847 3612 962 3673 poema
986 3596 1043 3672 (ed.
1066 3615 1092 3654 a.
1118 3597 1221 3670 1509).

373 3683 402 3757 1)
425 3681 546 3740 Rectius
577 3679 757 3756 Thucydidis
785 3681 983 3739 narrationem
1015 3682 1162 3755 expressit
1183 3682 1364 3740 Themistius

288 3788 330 3826 or.
354 3767 462 3828 XXVI
484 3787 512 3842 p.
537 3769 642 3834 3⁸2st
666 3765 765 3836 Dind,
788 3785 846 3843 quo
869 3765 934 3824 loco
957 3771 987 3824 et
1008 3766 1056 3825 hic
1083 3766 1226 3825 nonnulla
1249 3789 1265 3825 e
1286 3759 1363 3825 libro

289 3853 388 3912 nescio
412 3874 470 3933 quo
493 3850 692 3910 heurematico
716 3850 892 3909 dolibauisse
914 3851 986 3910 mihi
1011 3852 1135 3913 uidetur.
