<?xml version="1.0" encoding="UTF-8"?>
<!DOCTYPE html PUBLIC "-//W3C//DTD XHTML 1.0 Transitional//EN"
    "http://www.w3.org/TR/xhtml1/DTD/xhtml1-transitional.dtd">
<html xmlns="http://www.w3.org/1999/xhtml" xml:lang="en" lang="en">
 <head>
  <title>
</title>
<meta http-equiv="Content-Type" content="text/html;charset=utf-8" />
  <meta name='ocr-system' content='tesseract 3.04.00' />
  <meta name='ocr-capabilities' content='ocr_page ocr_carea ocr_par ocr_line ocrx_word'/>
</head>
<body>
  <div class='ocr_page' id='page_1' title='image "./decatalogisheur01kremgoog_0056.png"; bbox 0 0 3190 4882; ppageno 0'>
   <div class='ocr_carea' id='block_1_1' title="bbox 679 349 893 415">
    <p class='ocr_par' dir='ltr' id='par_1_1' title="bbox 679 349 893 415">
     <span class='ocr_line' id='line_1_1' title="bbox 679 349 893 415; baseline 0.009 -19"><span class='ocrx_word' id='word_1_1' title='bbox 679 349 893 415; x_wconf 70' lang='lat'>..41-</span> 
     </span>
    </p>
   </div>
   <div class='ocr_carea' id='block_1_2' title="bbox 237 517 1452 3477">
    <p class='ocr_par' dir='ltr' id='par_1_2' title="bbox 237 517 1452 1318">
     <span class='ocr_line' id='line_1_2' title="bbox 243 517 1326 602; baseline -0.003 -16"><span class='ocrx_word' id='word_1_2' title='bbox 243 524 381 586; x_wconf 87' lang='lat' dir='ltr'><strong>mentem</strong></span> <span class='ocrx_word' id='word_1_3' title='bbox 405 525 438 585; x_wconf 88' lang='lat' dir='ltr'><strong>et</strong></span> <span class='ocrx_word' id='word_1_4' title='bbox 460 522 658 602; x_wconf 87' lang='lat' dir='ltr'><strong>Anonymum</strong></span> <span class='ocrx_word' id='word_1_5' title='bbox 680 539 720 584; x_wconf 86' lang='lat' dir='ltr'><strong>ex</strong></span> <span class='ocrx_word' id='word_1_6' title='bbox 741 520 877 585; x_wconf 88' lang='lat' dir='ltr'><strong>diuersis</strong></span> <span class='ocrx_word' id='word_1_7' title='bbox 898 517 1040 586; x_wconf 88' lang='lat' dir='ltr'><strong>fontibus</strong></span> <span class='ocrx_word' id='word_1_8' title='bbox 1055 519 1216 587; x_wconf 88' lang='lat' dir='ltr'><strong>hausissse</strong></span> <span class='ocrx_word' id='word_1_9' title='bbox 1238 518 1326 585; x_wconf 85' lang='lat' dir='ltr'><strong>arbi-</strong></span> 
     </span>
     <span class='ocr_line' id='line_1_3' title="bbox 244 622 1326 706; baseline -0.002 -18"><span class='ocrx_word' id='word_1_10' title='bbox 244 627 376 702; x_wconf 88' lang='lat' dir='ltr'><strong>tremur,</strong></span> <span class='ocrx_word' id='word_1_11' title='bbox 398 623 544 704; x_wconf 88' lang='lat' dir='ltr'><strong>quamuis</strong></span> <span class='ocrx_word' id='word_1_12' title='bbox 567 622 685 688; x_wconf 90' lang='lat' dir='ltr'><strong>similes</strong></span> <span class='ocrx_word' id='word_1_13' title='bbox 700 623 763 688; x_wconf 89' lang='lat' dir='ltr'><strong>sint</strong></span> <span class='ocrx_word' id='word_1_14' title='bbox 779 641 885 688; x_wconf 90' lang='lat' dir='ltr'><strong>eorum</strong></span> <span class='ocrx_word' id='word_1_15' title='bbox 901 622 1109 688; x_wconf 77' lang='lat' dir='ltr'><strong>narrationes.</strong></span> <span class='ocrx_word' id='word_1_16' title='bbox 1153 623 1202 688; x_wconf 92' lang='lat' dir='ltr'><strong>De</strong></span> <span class='ocrx_word' id='word_1_17' title='bbox 1216 623 1326 706; x_wconf 86' lang='lat' dir='ltr'><strong>patria</strong></span> 
     </span>
     <span class='ocr_line' id='line_1_4' title="bbox 246 717 1452 810; baseline 0 -21"><span class='ocrx_word' id='word_1_18' title='bbox 246 724 436 810; x_wconf 84' lang='lat' dir='ltr'><strong>Olympici.</strong></span> <span class='ocrx_word' id='word_1_19' title='bbox 461 743 613 807; x_wconf 83' lang='lat' dir='ltr'><strong>suprap.</strong></span> <span class='ocrx_word' id='word_1_20' title='bbox 638 725 687 790; x_wconf 82' lang='lat'><strong>12.</strong></span> <span class='ocrx_word' id='word_1_21' title='bbox 710 761 751 772; x_wconf 87' lang='grc'>-</span> <span class='ocrx_word' id='word_1_22' title='bbox 1311 717 1313 720; x_wconf 69' lang='grc'><strong>’</strong></span> <span class='ocrx_word' id='word_1_23' title='bbox 1449 793 1452 802; x_wconf 70' lang='grc'><em>,</em></span> 
     </span>
     <span class='ocr_line' id='line_1_5' title="bbox 332 823 1323 916; baseline 0 -22"><span class='ocrx_word' id='word_1_24' title='bbox 332 828 370 912; x_wconf 61' lang='grc' dir='ltr'><strong>ἓξ</strong></span> <span class='ocrx_word' id='word_1_25' title='bbox 392 827 520 895; x_wconf 86' lang='grc'>38-40</span> <span class='ocrx_word' id='word_1_26' title='bbox 556 824 733 915; x_wconf 68' lang='grc' dir='ltr'><strong><em>,μαθοίπερ</em></strong></span> <span class='ocrx_word' id='word_1_27' title='bbox 773 824 912 915; x_wconf 79' lang='grc' dir='ltr'><em>Φρύγιον</em></span> <span class='ocrx_word' id='word_1_28' title='bbox 949 823 1110 916; x_wconf 80' lang='grc' dir='ltr'><strong><em>ἁρμονίαν</em></strong></span> <span class='ocrx_word' id='word_1_29' title='bbox 1141 826 1199 893; x_wconf 81' lang='grc' dir='ltr'><strong>καί</strong></span> <span class='ocrx_word' id='word_1_30' title='bbox 1228 829 1323 913; x_wconf 78' lang='grc' dir='ltr'><strong><em>μιξο-</em></strong></span> 
     </span>
     <span class='ocr_line' id='line_1_6' title="bbox 247 923 1330 1019; baseline 0.002 -25"><span class='ocrx_word' id='word_1_31' title='bbox 247 925 382 1018; x_wconf 76' lang='grc' dir='ltr'><strong><em>ᾡρίγιον</em></strong></span> <span class='ocrx_word' id='word_1_32' title='bbox 411 928 469 994; x_wconf 84' lang='grc' dir='ltr'><strong>καὶ</strong></span> <span class='ocrx_word' id='word_1_33' title='bbox 498 925 691 1014; x_wconf 80' lang='grc' dir='ltr'><strong><em>μιξολίδιον</em></strong></span> <span class='ocrx_word' id='word_1_34' title='bbox 720 927 902 1016; x_wconf 79' lang='grc' dir='ltr'><strong><em>Μαρσύαν,</em></strong></span> <span class='ocrx_word' id='word_1_35' title='bbox 931 930 990 1008; x_wconf 72' lang='grc' dir='ltr'><strong>τίς</strong></span> <span class='ocrx_word' id='word_1_36' title='bbox 1021 923 1118 1019; x_wconf 73' lang='grc' dir='ltr'><strong><em>αὐτῆς</em></strong></span> <span class='ocrx_word' id='word_1_37' title='bbox 1146 925 1225 996; x_wconf 75' lang='grc' dir='ltr'><strong><em>ὄντα</em></strong></span> <span class='ocrx_word' id='word_1_38' title='bbox 1252 933 1330 1008; x_wconf 79' lang='grc' dir='ltr'><strong><em>τοῖς</em></strong></span> 
     </span>
     <span class='ocr_line' id='line_1_7' title="bbox 237 1028 1324 1119; baseline 0.002 -21"><span class='ocrx_word' id='word_1_39' title='bbox 237 1030 497 1119; x_wconf 77' lang='grc' dir='ltr'><strong><em>προειρημένοις</em></strong></span> <span class='ocrx_word' id='word_1_40' title='bbox 525 1028 662 1118; x_wconf 82' lang='grc' dir='ltr'><strong><em>χώρας.“</em></strong></span> <span class='ocrx_word' id='word_1_41' title='bbox 716 1034 754 1116; x_wconf 62' lang='lat' dir='ltr'><strong>§ss</strong></span> <span class='ocrx_word' id='word_1_42' title='bbox 787 1033 829 1100; x_wconf 85' lang='lat'><strong>38</strong></span> <span class='ocrx_word' id='word_1_43' title='bbox 868 1040 901 1099; x_wconf 83' lang='lat' dir='ltr'><strong>ct</strong></span> <span class='ocrx_word' id='word_1_44' title='bbox 931 1035 975 1099; x_wconf 86' lang='lat'><strong>40</strong></span> <span class='ocrx_word' id='word_1_45' title='bbox 1006 1032 1191 1116; x_wconf 75' lang='lat' dir='ltr'><strong>comprobat</strong></span> <span class='ocrx_word' id='word_1_46' title='bbox 1222 1033 1324 1104; x_wconf 86' lang='lat' dir='ltr'><strong>Schol.</strong></span> 
     </span>
     <span class='ocr_line' id='line_1_8' title="bbox 247 1135 1328 1220; baseline 0 -19"><span class='ocrx_word' id='word_1_47' title='bbox 247 1135 328 1202; x_wconf 89' lang='lat' dir='ltr'><strong>Plat.</strong></span> <span class='ocrx_word' id='word_1_48' title='bbox 357 1135 378 1202; x_wconf 92' lang='lat' dir='ltr'><strong>l.</strong></span> <span class='ocrx_word' id='word_1_49' title='bbox 402 1137 494 1202; x_wconf 91' lang='lat' dir='ltr'><strong>modo</strong></span> <span class='ocrx_word' id='word_1_50' title='bbox 517 1135 554 1216; x_wconf 89' lang='lat' dir='ltr'><strong>l.;</strong></span> <span class='ocrx_word' id='word_1_51' title='bbox 587 1136 669 1218; x_wconf 77' lang='lat'><strong>§38</strong></span> <span class='ocrx_word' id='word_1_52' title='bbox 701 1137 798 1202; x_wconf 88' lang='lat' dir='ltr'><strong>etiam</strong></span> <span class='ocrx_word' id='word_1_53' title='bbox 828 1136 909 1202; x_wconf 91' lang='lat' dir='ltr'><strong>Plin.</strong></span> <span class='ocrx_word' id='word_1_54' title='bbox 934 1156 963 1203; x_wconf 90' lang='lat' dir='ltr'><strong>n.</strong></span> <span class='ocrx_word' id='word_1_55' title='bbox 986 1136 1017 1202; x_wconf 93' lang='lat' dir='ltr'><strong>h.</strong></span> <span class='ocrx_word' id='word_1_56' title='bbox 1040 1137 1103 1204; x_wconf 90' lang='lat' dir='ltr'><strong>VH</strong></span> <span class='ocrx_word' id='word_1_57' title='bbox 1126 1137 1204 1218; x_wconf 81' lang='lat'>204;</span> <span class='ocrx_word' id='word_1_58' title='bbox 1234 1138 1252 1220; x_wconf 69' lang='grc' dir='ltr'>ξ</span> <span class='ocrx_word' id='word_1_59' title='bbox 1282 1137 1328 1202; x_wconf 78' lang='grc'><strong>39</strong></span> 
     </span>
     <span class='ocr_line' id='line_1_9' title="bbox 246 1235 579 1318; baseline -0.003 -15"><span class='ocrx_word' id='word_1_60' title='bbox 246 1238 324 1304; x_wconf 88' lang='lat' dir='ltr'><strong>alibi</strong></span> <span class='ocrx_word' id='word_1_61' title='bbox 346 1257 407 1303; x_wconf 94' lang='lat' dir='ltr'><strong>non</strong></span> <span class='ocrx_word' id='word_1_62' title='bbox 429 1238 502 1318; x_wconf 85' lang='lat' dir='ltr'><strong>legi.</strong></span> <span class='ocrx_word' id='word_1_63' title='bbox 526 1235 579 1284; x_wconf 59' lang='lat'><strong>-‘</strong></span> 
     </span>
    </p>

    <p class='ocr_par' dir='ltr' id='par_1_3' title="bbox 248 1334 1334 2456">
     <span class='ocr_line' id='line_1_10' title="bbox 332 1334 1328 1430; baseline 0.001 -26"><span class='ocrx_word' id='word_1_64' title='bbox 332 1341 352 1424; x_wconf 60' lang='grc' dir='ltr'>ὅ</span> <span class='ocrx_word' id='word_1_65' title='bbox 373 1341 414 1404; x_wconf 93' lang='grc'><strong>41</strong></span> <span class='ocrx_word' id='word_1_66' title='bbox 439 1337 515 1424; x_wconf 62' lang='lat' dir='ltr'><strong>,acl</strong></span> <span class='ocrx_word' id='word_1_67' title='bbox 529 1337 586 1428; x_wconf 75' lang='grc' dir='ltr'><strong>τὴν</strong></span> <span class='ocrx_word' id='word_1_68' title='bbox 601 1336 732 1425; x_wconf 82' lang='grc' dir='ltr'><strong><em>Λιίριον</em></strong></span> <span class='ocrx_word' id='word_1_69' title='bbox 751 1334 899 1426; x_wconf 80' lang='grc' dir='ltr'><strong><em>Θάμυριν</em></strong></span> <span class='ocrx_word' id='word_1_70' title='bbox 915 1337 1088 1428; x_wconf 76' lang='grc' dir='ltr'><strong><em>ἐπινοῆσαι</em></strong></span> <span class='ocrx_word' id='word_1_71' title='bbox 1103 1337 1162 1407; x_wconf 80' lang='grc' dir='ltr'><strong>τὸν</strong></span> <span class='ocrx_word' id='word_1_72' title='bbox 1178 1344 1328 1430; x_wconf 78' lang='grc' dir='ltr'><strong><em>Θρᾷκα.“</em></strong></span> 
     </span>
     <span class='ocr_line' id='line_1_11' title="bbox 248 1442 1328 1526; baseline 0.002 -18"><span class='ocrx_word' id='word_1_73' title='bbox 248 1442 330 1508; x_wconf 84' lang='grc' dir='ltr'><strong><em>ΡΙίο.</em></strong></span> <span class='ocrx_word' id='word_1_74' title='bbox 353 1462 383 1507; x_wconf 92' lang='lat' dir='ltr'><strong>n.</strong></span> <span class='ocrx_word' id='word_1_75' title='bbox 405 1443 437 1508; x_wconf 93' lang='lat' dir='ltr'><strong>h.</strong></span> <span class='ocrx_word' id='word_1_76' title='bbox 459 1443 522 1509; x_wconf 88' lang='lat' dir='ltr'><strong>VII</strong></span> <span class='ocrx_word' id='word_1_77' title='bbox 544 1443 610 1510; x_wconf 79' lang='lat'><strong>204</strong></span> <span class='ocrx_word' id='word_1_78' title='bbox 640 1443 774 1523; x_wconf 88' lang='lat' dir='ltr'><strong>„Dorios</strong></span> <span class='ocrx_word' id='word_1_79' title='bbox 797 1443 970 1526; x_wconf 83' lang='lat' dir='ltr'><strong>(modulos)</strong></span> <span class='ocrx_word' id='word_1_80' title='bbox 992 1444 1168 1526; x_wconf 79' lang='lat' dir='ltr'><strong>Thamyras</strong></span> <span class='ocrx_word' id='word_1_81' title='bbox 1190 1443 1328 1524; x_wconf 73' lang='lat' dir='ltr'><strong>Thra&#39;x‘!‚</strong></span> 
     </span>
     <span class='ocr_line' id='line_1_12' title="bbox 248 1541 1326 1634; baseline 0.002 -24"><span class='ocrx_word' id='word_1_82' title='bbox 248 1546 355 1612; x_wconf 86' lang='lat' dir='ltr'><strong>uariat</strong></span> <span class='ocrx_word' id='word_1_83' title='bbox 378 1544 460 1612; x_wconf 90' lang='lat' dir='ltr'><strong>enim</strong></span> <span class='ocrx_word' id='word_1_84' title='bbox 483 1546 618 1611; x_wconf 90' lang='lat' dir='ltr'><strong>nominis</strong></span> <span class='ocrx_word' id='word_1_85' title='bbox 638 1544 740 1610; x_wconf 84' lang='lat' dir='ltr'><strong>forma</strong></span> <span class='ocrx_word' id='word_1_86' title='bbox 767 1544 806 1612; x_wconf 87' lang='lat' dir='ltr'><strong>cf.</strong></span> <span class='ocrx_word' id='word_1_87' title='bbox 829 1545 918 1611; x_wconf 86' lang='lat' dir='ltr'><strong>Suid.</strong></span> <span class='ocrx_word' id='word_1_88' title='bbox 948 1563 972 1610; x_wconf 89' lang='lat' dir='ltr'><strong>s.</strong></span> <span class='ocrx_word' id='word_1_89' title='bbox 1000 1542 1148 1634; x_wconf 82' lang='grc' dir='ltr'><strong><em>Θάμυρις</em></strong></span> <span class='ocrx_word' id='word_1_90' title='bbox 1169 1541 1189 1634; x_wconf 77' lang='grc' dir='ltr'>ἢ</span> <span class='ocrx_word' id='word_1_91' title='bbox 1215 1541 1326 1631; x_wconf 85' lang='grc' dir='ltr'><strong><em>Θαμύ-</em></strong></span> 
     </span>
     <span class='ocr_line' id='line_1_13' title="bbox 249 1671 1316 1730; baseline -0.006 0"><span class='ocrx_word' id='word_1_92' title='bbox 249 1671 318 1730; x_wconf 75' lang='lat' dir='ltr'><strong>ess·</strong></span> <span class='ocrx_word' id='word_1_93' title='bbox 343 1686 385 1696; x_wconf 85' lang='lat'>—</span> <span class='ocrx_word' id='word_1_94' title='bbox 1315 1695 1316 1698; x_wconf 18' lang='grc' dir='ltr'><strong><em>κ</em></strong></span> 
     </span>
     <span class='ocr_line' id='line_1_14' title="bbox 335 1743 1333 1839; baseline -0.001 -22"><span class='ocrx_word' id='word_1_95' title='bbox 335 1751 525 1834; x_wconf 59' lang='lat' dir='ltr'><strong>§sta-44</strong></span> <span class='ocrx_word' id='word_1_96' title='bbox 555 1749 710 1835; x_wconf 83' lang='grc' dir='ltr'><strong><em>,,Πε’ρσας</em></strong></span> <span class='ocrx_word' id='word_1_97' title='bbox 741 1773 775 1814; x_wconf 82' lang='grc' dir='ltr'><strong>τε</strong></span> <span class='ocrx_word' id='word_1_98' title='bbox 805 1746 957 1834; x_wconf 79' lang='grc' dir='ltr'><strong><em>πρώτους</em></strong></span> <span class='ocrx_word' id='word_1_99' title='bbox 989 1743 1173 1837; x_wconf 79' lang='grc' dir='ltr'><strong><em>ἀκηκόαμεν</em></strong></span> <span class='ocrx_word' id='word_1_100' title='bbox 1202 1744 1333 1839; x_wconf 78' lang='grc' dir='ltr'><strong><em>ἀπήνην</em></strong></span> 
     </span>
     <span class='ocr_line' id='line_1_15' title="bbox 252 1849 1329 1940; baseline 0.003 -23"><span class='ocrx_word' id='word_1_101' title='bbox 252 1850 311 1918; x_wconf 83' lang='grc' dir='ltr'><strong>καί</strong></span> <span class='ocrx_word' id='word_1_102' title='bbox 332 1849 442 1940; x_wconf 79' lang='grc' dir='ltr'><strong><em>κλίνην</em></strong></span> <span class='ocrx_word' id='word_1_103' title='bbox 463 1851 522 1917; x_wconf 85' lang='grc' dir='ltr'><strong>καί</strong></span> <span class='ocrx_word' id='word_1_104' title='bbox 541 1849 727 1919; x_wconf 75' lang='grc' dir='ltr'><strong><em>ὑποπόδιον</em></strong></span> <span class='ocrx_word' id='word_1_105' title='bbox 750 1849 987 1940; x_wconf 75' lang='grc' dir='ltr'><strong><em>ἐργάσασθαι.“</em></strong></span> <span class='ocrx_word' id='word_1_106' title='bbox 1022 1854 1071 1919; x_wconf 89' lang='lat' dir='ltr'><strong>De</strong></span> <span class='ocrx_word' id='word_1_107' title='bbox 1094 1855 1143 1919; x_wconf 87' lang='lat' dir='ltr'><strong>his</strong></span> <span class='ocrx_word' id='word_1_108' title='bbox 1158 1853 1329 1920; x_wconf 80' lang='lat' dir='ltr'><strong>Persarum</strong></span> 
     </span>
     <span class='ocr_line' id='line_1_16' title="bbox 251 1957 1333 2039; baseline 0 -17"><span class='ocrx_word' id='word_1_109' title='bbox 251 1957 393 2023; x_wconf 89' lang='lat' dir='ltr'><strong>inuentis</strong></span> <span class='ocrx_word' id='word_1_110' title='bbox 415 1957 492 2023; x_wconf 88' lang='lat' dir='ltr'><strong>nihil</strong></span> <span class='ocrx_word' id='word_1_111' title='bbox 515 1957 579 2039; x_wconf 84' lang='lat' dir='ltr'><strong>legi</strong></span> <span class='ocrx_word' id='word_1_112' title='bbox 602 1976 660 2023; x_wconf 90' lang='lat' dir='ltr'><strong>nec</strong></span> <span class='ocrx_word' id='word_1_113' title='bbox 691 1958 755 2022; x_wconf 89' lang='lat' dir='ltr'><strong>scio</strong></span> <span class='ocrx_word' id='word_1_114' title='bbox 784 1977 824 2022; x_wconf 92' lang='lat' dir='ltr'><strong>an</strong></span> <span class='ocrx_word' id='word_1_115' title='bbox 855 1958 897 2022; x_wconf 87' lang='lat' dir='ltr'><strong>nd</strong></span> <span class='ocrx_word' id='word_1_116' title='bbox 920 1957 1084 2023; x_wconf 89' lang='lat' dir='ltr'><strong>mollitiem</strong></span> <span class='ocrx_word' id='word_1_117' title='bbox 1107 1957 1333 2039; x_wconf 82' lang='lat' dir='ltr'><strong>luxuriamque·</strong></span> 
     </span>
     <span class='ocr_line' id='line_1_17' title="bbox 250 2058 1329 2142; baseline -0.001 -17"><span class='ocrx_word' id='word_1_118' title='bbox 250 2059 420 2126; x_wconf 79' lang='lat' dir='ltr'>Persarum</span> <span class='ocrx_word' id='word_1_119' title='bbox 444 2061 639 2127; x_wconf 82' lang='lat' dir='ltr'><strong>notissimam</strong></span> <span class='ocrx_word' id='word_1_120' title='bbox 657 2062 856 2142; x_wconf 82' lang='lat' dir='ltr'><strong>pertineant3</strong></span> <span class='ocrx_word' id='word_1_121' title='bbox 878 2061 941 2125; x_wconf 89' lang='lat' dir='ltr'><strong>huc</strong></span> <span class='ocrx_word' id='word_1_122' title='bbox 962 2059 1077 2126; x_wconf 87' lang='lat' dir='ltr'><strong>saltem</strong></span> <span class='ocrx_word' id='word_1_123' title='bbox 1100 2065 1226 2140; x_wconf 87' lang='lat' dir='ltr'><strong>spectat</strong></span> <span class='ocrx_word' id='word_1_124' title='bbox 1240 2058 1329 2124; x_wconf 89' lang='lat' dir='ltr'><strong>alind</strong></span> 
     </span>
     <span class='ocr_line' id='line_1_18' title="bbox 251 2153 1334 2247; baseline 0.001 -20"><span class='ocrx_word' id='word_1_125' title='bbox 251 2181 360 2229; x_wconf 88' lang='lat' dir='ltr'><strong>eorum</strong></span> <span class='ocrx_word' id='word_1_126' title='bbox 394 2155 474 2247; x_wconf 66' lang='grc' dir='ltr'><strong>εὗρε</strong></span> <span class='ocrx_word' id='word_1_127' title='bbox 507 2163 623 2229; x_wconf 83' lang='lat' dir='ltr'><strong>Athen.</strong></span> <span class='ocrx_word' id='word_1_128' title='bbox 655 2164 687 2227; x_wconf 92' lang='lat' dir='ltr'><strong>ll</strong></span> <span class='ocrx_word' id='word_1_129' title='bbox 709 2181 739 2244; x_wconf 93' lang='lat' dir='ltr'><strong>p.</strong></span> <span class='ocrx_word' id='word_1_130' title='bbox 762 2163 823 2229; x_wconf 70' lang='grc' dir='ltr'><strong>48ο</strong></span> <span class='ocrx_word' id='word_1_131' title='bbox 854 2165 1009 2246; x_wconf 81' lang='grc' dir='ltr'><strong><em>,,Πρῶτοι</em></strong></span> <span class='ocrx_word' id='word_1_132' title='bbox 1042 2159 1080 2227; x_wconf 84' lang='grc' dir='ltr'><strong>δὲ</strong></span> <span class='ocrx_word' id='word_1_133' title='bbox 1111 2158 1251 2247; x_wconf 86' lang='grc' dir='ltr'><strong><em>Πέρσαι,</em></strong></span> <span class='ocrx_word' id='word_1_134' title='bbox 1283 2153 1334 2239; x_wconf 75' lang='grc' dir='ltr'><strong>ὥς</strong></span> 
     </span>
     <span class='ocr_line' id='line_1_19' title="bbox 255 2260 1332 2352; baseline 0 -24"><span class='ocrx_word' id='word_1_135' title='bbox 255 2285 353 2351; x_wconf 81' lang='grc' dir='ltr'><strong><em>φησιν</em></strong></span> <span class='ocrx_word' id='word_1_136' title='bbox 369 2260 594 2352; x_wconf 79' lang='grc' dir='ltr'><strong><em>Ἡρακλείδης,</em></strong></span> <span class='ocrx_word' id='word_1_137' title='bbox 623 2263 776 2342; x_wconf 75' lang='grc' dir='ltr'><strong><em>καὶτοὺς</em></strong></span> <span class='ocrx_word' id='word_1_138' title='bbox 798 2265 989 2350; x_wconf 79' lang='grc' dir='ltr'><strong><em>λεγομένους</em></strong></span> <span class='ocrx_word' id='word_1_139' title='bbox 1012 2263 1159 2349; x_wconf 79' lang='grc' dir='ltr'><strong><em>στρώτας</em></strong></span> <span class='ocrx_word' id='word_1_140' title='bbox 1182 2261 1332 2352; x_wconf 74' lang='grc' dir='ltr'><strong><em>ἐφεῦρον,</em></strong></span> 
     </span>
     <span class='ocr_line' id='line_1_20' title="bbox 252 2361 1080 2456; baseline -0.001 -25"><span class='ocrx_word' id='word_1_141' title='bbox 252 2368 306 2432; x_wconf 77' lang='grc' dir='ltr'><strong>ἵνα</strong></span> <span class='ocrx_word' id='word_1_142' title='bbox 329 2364 454 2452; x_wconf 87' lang='grc' dir='ltr'><strong><em>κόσμον</em></strong></span> <span class='ocrx_word' id='word_1_143' title='bbox 475 2363 531 2455; x_wconf 72' lang='grc' dir='ltr'><strong>ἔχη</strong></span> <span class='ocrx_word' id='word_1_144' title='bbox 554 2366 573 2455; x_wconf 76' lang='grc' dir='ltr'><strong><em>η</em></strong></span> <span class='ocrx_word' id='word_1_145' title='bbox 595 2372 735 2456; x_wconf 81' lang='grc' dir='ltr'><strong><em>στρῶσις</em></strong></span> <span class='ocrx_word' id='word_1_146' title='bbox 757 2365 812 2432; x_wconf 87' lang='grc' dir='ltr'><strong>καὶ</strong></span> <span class='ocrx_word' id='word_1_147' title='bbox 833 2361 1016 2453; x_wconf 81' lang='grc' dir='ltr'><strong><em>εὖοίφειαν.“</em></strong></span> <span class='ocrx_word' id='word_1_148' title='bbox 1039 2405 1080 2414; x_wconf 97' lang='grc'>-</span> 
     </span>
    </p>

    <p class='ocr_par' dir='ltr' id='par_1_4' title="bbox 253 2465 1337 3477">
     <span class='ocr_line' id='line_1_21' title="bbox 339 2465 1333 2556; baseline -0.003 -18"><span class='ocrx_word' id='word_1_149' title='bbox 339 2473 357 2554; x_wconf 67' lang='grc' dir='ltr'>ξ</span> <span class='ocrx_word' id='word_1_150' title='bbox 372 2473 415 2538; x_wconf 84' lang='grc'><strong>45</strong></span> <span class='ocrx_word' id='word_1_151' title='bbox 429 2467 525 2552; x_wconf 67' lang='grc' dir='ltr'><strong><em>,σούς</em></strong></span> <span class='ocrx_word' id='word_1_152' title='bbox 540 2494 574 2536; x_wconf 83' lang='grc' dir='ltr'><strong>τε</strong></span> <span class='ocrx_word' id='word_1_153' title='bbox 591 2467 767 2548; x_wconf 81' lang='grc' dir='ltr'><strong><em>Σιδωνίους</em></strong></span> <span class='ocrx_word' id='word_1_154' title='bbox 781 2467 952 2556; x_wconf 78' lang='grc' dir='ltr'><strong><em>τρίκρανον</em></strong></span> <span class='ocrx_word' id='word_1_155' title='bbox 967 2472 1043 2536; x_wconf 82' lang='grc' dir='ltr'><strong>ναῦν</strong></span> <span class='ocrx_word' id='word_1_156' title='bbox 1057 2465 1333 2537; x_wconf 78' lang='grc' dir='ltr'><strong><em>κατασκευάσαι.“</em></strong></span> 
     </span>
     <span class='ocr_line' id='line_1_22' title="bbox 253 2569 1335 2658; baseline -0.002 -18"><span class='ocrx_word' id='word_1_157' title='bbox 253 2575 325 2640; x_wconf 85' lang='lat' dir='ltr'><strong>Non</strong></span> <span class='ocrx_word' id='word_1_158' title='bbox 347 2573 478 2640; x_wconf 89' lang='lat' dir='ltr'><strong>dubium</strong></span> <span class='ocrx_word' id='word_1_159' title='bbox 509 2579 569 2653; x_wconf 87' lang='lat' dir='ltr'><strong>est,</strong></span> <span class='ocrx_word' id='word_1_160' title='bbox 596 2574 672 2656; x_wconf 90' lang='lat' dir='ltr'><strong>quin</strong></span> <span class='ocrx_word' id='word_1_161' title='bbox 700 2569 870 2658; x_wconf 78' lang='grc' dir='ltr'><strong><em>τρίκρουος</em></strong></span> <span class='ocrx_word' id='word_1_162' title='bbox 899 2575 959 2641; x_wconf 91' lang='lat' dir='ltr'><strong>hoc</strong></span> <span class='ocrx_word' id='word_1_163' title='bbox 981 2575 1048 2639; x_wconf 95' lang='lat' dir='ltr'><strong>loco</strong></span> <span class='ocrx_word' id='word_1_164' title='bbox 1068 2575 1152 2640; x_wconf 88' lang='lat' dir='ltr'><strong>idem</strong></span> <span class='ocrx_word' id='word_1_165' title='bbox 1175 2571 1335 2656; x_wconf 84' lang='lat' dir='ltr'><strong>significet</strong></span> 
     </span>
     <span class='ocr_line' id='line_1_23' title="bbox 254 2670 1332 2764; baseline -0.002 -22"><span class='ocrx_word' id='word_1_166' title='bbox 254 2677 339 2760; x_wconf 81' lang='lat' dir='ltr'><strong>quod</strong></span> <span class='ocrx_word' id='word_1_167' title='bbox 360 2671 506 2764; x_wconf 83' lang='grc' dir='ltr'><strong><em>τριήρης;</em></strong></span> <span class='ocrx_word' id='word_1_168' title='bbox 537 2695 607 2762; x_wconf 83' lang='lat' dir='ltr'><strong>eam</strong></span> <span class='ocrx_word' id='word_1_169' title='bbox 638 2677 721 2742; x_wconf 85' lang='lat' dir='ltr'><strong>enim</strong></span> <span class='ocrx_word' id='word_1_170' title='bbox 752 2676 920 2756; x_wconf 87' lang='lat' dir='ltr'><strong>notionem,</strong></span> <span class='ocrx_word' id='word_1_171' title='bbox 951 2695 1046 2759; x_wconf 84' lang='lat' dir='ltr'><strong>quam</strong></span> <span class='ocrx_word' id='word_1_172' title='bbox 1075 2670 1277 2759; x_wconf 82' lang='grc' dir='ltr'><strong><em>μονόκροτος</em></strong></span> <span class='ocrx_word' id='word_1_173' title='bbox 1296 2681 1332 2740; x_wconf 78' lang='lat' dir='ltr'><strong>et</strong></span> 
     </span>
     <span class='ocr_line' id='line_1_24' title="bbox 254 2775 1332 2864; baseline -0.001 -21"><span class='ocrx_word' id='word_1_174' title='bbox 254 2775 406 2864; x_wconf 80' lang='grc' dir='ltr'><strong><em>δίκροτος</em></strong></span> <span class='ocrx_word' id='word_1_175' title='bbox 422 2779 652 2845; x_wconf 90' lang='lat' dir='ltr'><strong>adiectinorum</strong></span> <span class='ocrx_word' id='word_1_176' title='bbox 667 2779 828 2861; x_wconf 79' lang='lat' dir='ltr'><strong>propriam</strong></span> <span class='ocrx_word' id='word_1_177' title='bbox 841 2779 939 2845; x_wconf 89' lang='lat' dir='ltr'><strong>fuisse</strong></span> <span class='ocrx_word' id='word_1_178' title='bbox 951 2779 1159 2860; x_wconf 84' lang='lat' dir='ltr'><strong>Brousingius</strong></span> <span class='ocrx_word' id='word_1_179' title='bbox 1171 2781 1203 2857; x_wconf 86' lang='lat'><strong>1)</strong></span> <span class='ocrx_word' id='word_1_180' title='bbox 1214 2777 1332 2858; x_wconf 89' lang='lat' dir='ltr'><strong>docuit,</strong></span> 
     </span>
     <span class='ocr_line' id='line_1_25' title="bbox 254 2879 1336 2964; baseline -0.005 -16"><span class='ocrx_word' id='word_1_181' title='bbox 254 2883 483 2950; x_wconf 89' lang='lat' dir='ltr'><strong>recentioribus</strong></span> <span class='ocrx_word' id='word_1_182' title='bbox 506 2883 703 2964; x_wconf 89' lang='lat' dir='ltr'><strong>temporibus</strong></span> <span class='ocrx_word' id='word_1_183' title='bbox 718 2901 828 2948; x_wconf 89' lang='lat' dir='ltr'><strong>seuere</strong></span> <span class='ocrx_word' id='word_1_184' title='bbox 845 2883 1017 2947; x_wconf 88' lang='lat' dir='ltr'><strong>obseruare</strong></span> <span class='ocrx_word' id='word_1_185' title='bbox 1032 2883 1184 2947; x_wconf 88' lang='lat' dir='ltr'><strong>uidentur</strong></span> <span class='ocrx_word' id='word_1_186' title='bbox 1198 2879 1336 2945; x_wconf 76' lang='lat' dir='ltr'><strong>desiisse</strong></span> 
     </span>
     <span class='ocr_line' id='line_1_26' title="bbox 254 2981 1333 3068; baseline -0.004 -18"><span class='ocrx_word' id='word_1_187' title='bbox 254 2985 455 3068; x_wconf 83' lang='lat' dir='ltr'><strong>grammatici</strong></span> <span class='ocrx_word' id='word_1_188' title='bbox 486 2993 520 3050; x_wconf 86' lang='lat' dir='ltr'><strong>et</strong></span> <span class='ocrx_word' id='word_1_189' title='bbox 547 2986 737 3068; x_wconf 78' lang='lat' dir='ltr'><strong>quicumque</strong></span> <span class='ocrx_word' id='word_1_190' title='bbox 768 3002 834 3049; x_wconf 88' lang='lat' dir='ltr'><strong>rem</strong></span> <span class='ocrx_word' id='word_1_191' title='bbox 866 2985 1025 3050; x_wconf 85' lang='lat' dir='ltr'><strong>nauticam</strong></span> <span class='ocrx_word' id='word_1_192' title='bbox 1059 2983 1249 3065; x_wconf 81' lang='lat' dir='ltr'><strong>ignorabant</strong></span> <span class='ocrx_word' id='word_1_193' title='bbox 1279 2981 1333 3062; x_wconf 83' lang='lat' dir='ltr'><strong>(cl.</strong></span> 
     </span>
     <span class='ocr_line' id='line_1_27' title="bbox 255 3085 1336 3171; baseline -0.006 -17"><span class='ocrx_word' id='word_1_194' title='bbox 255 3088 392 3155; x_wconf 88' lang='lat' dir='ltr'><strong>Bekkeri</strong></span> <span class='ocrx_word' id='word_1_195' title='bbox 415 3092 475 3154; x_wconf 81' lang='lat' dir='ltr'><strong>An.</strong></span> <span class='ocrx_word' id='word_1_196' title='bbox 492 3088 547 3153; x_wconf 86' lang='lat' dir='ltr'><strong>Gr.</strong></span> <span class='ocrx_word' id='word_1_197' title='bbox 569 3108 600 3171; x_wconf 89' lang='lat' dir='ltr'><strong>p.</strong></span> <span class='ocrx_word' id='word_1_198' title='bbox 616 3088 690 3170; x_wconf 80' lang='lat'>240,</span> <span class='ocrx_word' id='word_1_199' title='bbox 713 3089 733 3152; x_wconf 83' lang='lat'>9</span> <span class='ocrx_word' id='word_1_200' title='bbox 756 3095 789 3154; x_wconf 90' lang='lat' dir='ltr'><strong>et</strong></span> <span class='ocrx_word' id='word_1_201' title='bbox 813 3087 943 3152; x_wconf 89' lang='lat' dir='ltr'><strong>Aristid.</strong></span> <span class='ocrx_word' id='word_1_202' title='bbox 966 3087 1009 3152; x_wconf 87' lang='lat'><strong>43</strong></span> <span class='ocrx_word' id='word_1_203' title='bbox 1030 3106 1061 3169; x_wconf 89' lang='lat' dir='ltr'><strong>p.</strong></span> <span class='ocrx_word' id='word_1_204' title='bbox 1086 3085 1205 3168; x_wconf 80' lang='lat' dir='ltr'>798D),</span> <span class='ocrx_word' id='word_1_205' title='bbox 1227 3085 1275 3150; x_wconf 89' lang='lat' dir='ltr'><strong>ita</strong></span> <span class='ocrx_word' id='word_1_206' title='bbox 1296 3089 1336 3148; x_wconf 88' lang='lat' dir='ltr'><strong>ut</strong></span> 
     </span>
     <span class='ocr_line' id='line_1_28' title="bbox 255 3187 1334 3279; baseline -0.006 -24"><span class='ocrx_word' id='word_1_207' title='bbox 255 3187 386 3279; x_wconf 71' lang='grc' dir='ltr'><strong><em>τριήρης</em></strong></span> <span class='ocrx_word' id='word_1_208' title='bbox 407 3198 441 3257; x_wconf 90' lang='lat' dir='ltr'><strong>et</strong></span> <span class='ocrx_word' id='word_1_209' title='bbox 463 3187 634 3276; x_wconf 82' lang='grc' dir='ltr'><strong><em>τρίκροτος</em></strong></span> <span class='ocrx_word' id='word_1_210' title='bbox 655 3190 832 3271; x_wconf 90' lang='lat' dir='ltr'><strong>promiscue</strong></span> <span class='ocrx_word' id='word_1_211' title='bbox 860 3196 1098 3272; x_wconf 88' lang='lat' dir='ltr'><strong>usurparentur.</strong></span> <span class='ocrx_word' id='word_1_212' title='bbox 1144 3189 1334 3271; x_wconf 80' lang='lat' dir='ltr'><strong>Quanquam</strong></span> 
     </span>
     <span class='ocr_line' id='line_1_29' title="bbox 258 3290 1337 3377; baseline -0.007 -17"><span class='ocrx_word' id='word_1_213' title='bbox 258 3295 441 3360; x_wconf 88' lang='lat' dir='ltr'><strong>testimonia</strong></span> <span class='ocrx_word' id='word_1_214' title='bbox 462 3293 585 3360; x_wconf 83' lang='lat' dir='ltr'><strong>frustra</strong></span> <span class='ocrx_word' id='word_1_215' title='bbox 614 3293 768 3377; x_wconf 88' lang='lat' dir='ltr'><strong>quaesiui,</strong></span> <span class='ocrx_word' id='word_1_216' title='bbox 798 3292 876 3358; x_wconf 94' lang='lat' dir='ltr'><strong>nihil</strong></span> <span class='ocrx_word' id='word_1_217' title='bbox 907 3291 1086 3358; x_wconf 85' lang='lat' dir='ltr'><strong>offensionis</strong></span> <span class='ocrx_word' id='word_1_218' title='bbox 1107 3291 1182 3357; x_wconf 88' lang='lat' dir='ltr'><strong>huic</strong></span> <span class='ocrx_word' id='word_1_219' title='bbox 1203 3290 1337 3355; x_wconf 90' lang='lat' dir='ltr'><strong>inuento</strong></span> 
     </span>
     <span class='ocr_line' id='line_1_30' title="bbox 257 3393 1337 3477; baseline -0.006 -15"><span class='ocrx_word' id='word_1_220' title='bbox 257 3397 360 3463; x_wconf 87' lang='lat' dir='ltr'><strong>inesse</strong></span> <span class='ocrx_word' id='word_1_221' title='bbox 382 3397 539 3462; x_wconf 82' lang='lat' dir='ltr'><strong>existimo.</strong></span> <span class='ocrx_word' id='word_1_222' title='bbox 585 3396 682 3461; x_wconf 91' lang='lat' dir='ltr'><strong>Sidon</strong></span> <span class='ocrx_word' id='word_1_223' title='bbox 713 3397 796 3462; x_wconf 88' lang='lat' dir='ltr'><strong>enim</strong></span> <span class='ocrx_word' id='word_1_224' title='bbox 828 3402 925 3477; x_wconf 88' lang='lat' dir='ltr'><strong>caput</strong></span> <span class='ocrx_word' id='word_1_225' title='bbox 955 3400 1006 3461; x_wconf 91' lang='lat' dir='ltr'><strong>est</strong></span> <span class='ocrx_word' id='word_1_226' title='bbox 1027 3393 1232 3474; x_wconf 89' lang='lat' dir='ltr'><strong>Phoenicum,</strong></span> <span class='ocrx_word' id='word_1_227' title='bbox 1254 3408 1337 3473; x_wconf 90' lang='lat' dir='ltr'><strong>quos</strong></span> 
     </span>
    </p>
   </div>
   <div class='ocr_carea' id='block_1_3' title="bbox 256 3584 1339 3754">
    <p class='ocr_par' dir='ltr' id='par_1_5' title="bbox 256 3584 1339 3754">
     <span class='ocr_line' id='line_1_31' title="bbox 347 3584 1337 3671; baseline -0.008 -23"><span class='ocrx_word' id='word_1_228' title='bbox 347 3592 377 3665; x_wconf 88' lang='lat'><strong>1)</strong></span> <span class='ocrx_word' id='word_1_229' title='bbox 390 3587 539 3671; x_wconf 80' lang='lat' dir='ltr'><strong>Loesomp</strong></span> <span class='ocrx_word' id='word_1_230' title='bbox 555 3586 609 3651; x_wconf 80' lang='lat' dir='ltr'><strong>des</strong></span> <span class='ocrx_word' id='word_1_231' title='bbox 626 3585 900 3650; x_wconf 75' lang='lat' dir='ltr'><strong>Trierewraetsels.</strong></span> <span class='ocrx_word' id='word_1_232' title='bbox 927 3591 1007 3646; x_wconf 84' lang='grc'>1889</span> <span class='ocrx_word' id='word_1_233' title='bbox 1022 3605 1051 3664; x_wconf 87' lang='lat' dir='ltr'><strong>p.</strong></span> <span class='ocrx_word' id='word_1_234' title='bbox 1066 3589 1135 3644; x_wconf 79' lang='lat'><strong>108.</strong></span> <span class='ocrx_word' id='word_1_235' title='bbox 1159 3584 1337 3662; x_wconf 78' lang='lat' dir='ltr'><strong>Quanquam</strong></span> 
     </span>
     <span class='ocr_line' id='line_1_32' title="bbox 256 3669 1339 3754; baseline -0.007 -21"><span class='ocrx_word' id='word_1_236' title='bbox 256 3696 318 3734; x_wconf 91' lang='lat' dir='ltr'><strong>non</strong></span> <span class='ocrx_word' id='word_1_237' title='bbox 340 3676 504 3748; x_wconf 87' lang='lat' dir='ltr'><strong>defuerant,</strong></span> <span class='ocrx_word' id='word_1_238' title='bbox 527 3675 578 3754; x_wconf 92' lang='lat' dir='ltr'><strong>qui</strong></span> <span class='ocrx_word' id='word_1_239' title='bbox 602 3675 680 3734; x_wconf 85' lang='lat' dir='ltr'><strong>Xon.</strong></span> <span class='ocrx_word' id='word_1_240' title='bbox 697 3674 777 3733; x_wconf 87' lang='lat' dir='ltr'><strong>Hell.</strong></span> <span class='ocrx_word' id='word_1_241' title='bbox 792 3673 827 3732; x_wconf 90' lang='lat'><strong>11</strong></span> <span class='ocrx_word' id='word_1_242' title='bbox 851 3677 878 3742; x_wconf 89' lang='lat'><strong>1,</strong></span> <span class='ocrx_word' id='word_1_243' title='bbox 901 3678 941 3731; x_wconf 82' lang='lat'><strong>28</strong></span> <span class='ocrx_word' id='word_1_244' title='bbox 964 3681 1046 3733; x_wconf 87' lang='lat' dir='ltr'><strong>recte</strong></span> <span class='ocrx_word' id='word_1_245' title='bbox 1067 3669 1339 3749; x_wconf 81' lang='lat' dir='ltr'><strong>interpretarentur</strong></span> 
     </span>
    </p>
   </div>
   <div class='ocr_carea' id='block_1_4' title="bbox 256 3752 1338 4006">
    <p class='ocr_par' dir='ltr' id='par_1_6' title="bbox 256 3752 1338 4006">
     <span class='ocr_line' id='line_1_33' title="bbox 258 3752 1337 3840; baseline -0.009 -19"><span class='ocrx_word' id='word_1_246' title='bbox 258 3762 309 3840; x_wconf 87' lang='lat' dir='ltr'><strong>(cf.</strong></span> <span class='ocrx_word' id='word_1_247' title='bbox 338 3761 449 3821; x_wconf 83' lang='lat' dir='ltr'><strong>Sturnii</strong></span> <span class='ocrx_word' id='word_1_248' title='bbox 479 3761 581 3820; x_wconf 89' lang='lat' dir='ltr'><strong>Lexic.</strong></span> <span class='ocrx_word' id='word_1_249' title='bbox 611 3759 690 3819; x_wconf 86' lang='lat' dir='ltr'><strong>Xon.</strong></span> <span class='ocrx_word' id='word_1_250' title='bbox 712 3760 730 3818; x_wconf 93' lang='lat' dir='ltr'>I</span> <span class='ocrx_word' id='word_1_251' title='bbox 751 3780 780 3837; x_wconf 92' lang='lat' dir='ltr'><strong>p.</strong></span> <span class='ocrx_word' id='word_1_252' title='bbox 805 3759 889 3837; x_wconf 77' lang='lat'>743),</span> <span class='ocrx_word' id='word_1_253' title='bbox 920 3764 1019 3818; x_wconf 86' lang='lat' dir='ltr'><strong>tamen</strong></span> <span class='ocrx_word' id='word_1_254' title='bbox 1042 3757 1251 3830; x_wconf 82' lang='lat' dir='ltr'><strong>Brousingium</strong></span> <span class='ocrx_word' id='word_1_255' title='bbox 1272 3752 1337 3811; x_wconf 85' lang='lat' dir='ltr'><strong>lau·</strong></span> 
     </span>
     <span class='ocr_line' id='line_1_34' title="bbox 258 3840 1338 3925; baseline -0.009 -19"><span class='ocrx_word' id='word_1_256' title='bbox 258 3849 327 3906; x_wconf 87' lang='lat' dir='ltr'><strong>dare</strong></span> <span class='ocrx_word' id='word_1_257' title='bbox 357 3846 463 3919; x_wconf 88' lang='lat' dir='ltr'><strong>malni,</strong></span> <span class='ocrx_word' id='word_1_258' title='bbox 491 3847 603 3925; x_wconf 85' lang='lat' dir='ltr'><strong>qnippe</strong></span> <span class='ocrx_word' id='word_1_259' title='bbox 632 3846 683 3925; x_wconf 91' lang='lat' dir='ltr'><strong>qui</strong></span> <span class='ocrx_word' id='word_1_260' title='bbox 710 3865 809 3904; x_wconf 88' lang='lat' dir='ltr'><strong>rorum</strong></span> <span class='ocrx_word' id='word_1_261' title='bbox 840 3844 1026 3904; x_wconf 86' lang='lat' dir='ltr'><strong>nauticarum</strong></span> <span class='ocrx_word' id='word_1_262' title='bbox 1053 3843 1168 3921; x_wconf 88' lang='lat' dir='ltr'><strong>peritus</strong></span> <span class='ocrx_word' id='word_1_263' title='bbox 1198 3840 1338 3900; x_wconf 90' lang='lat' dir='ltr'><strong>notitiam</strong></span> 
     </span>
     <span class='ocr_line' id='line_1_35' title="bbox 256 3929 927 4006; baseline -0.003 -14"><span class='ocrx_word' id='word_1_264' title='bbox 256 3933 387 3992; x_wconf 84' lang='lat' dir='ltr'><strong>triremis</strong></span> <span class='ocrx_word' id='word_1_265' title='bbox 408 3939 538 3992; x_wconf 82' lang='lat' dir='ltr'><strong>nostram</strong></span> <span class='ocrx_word' id='word_1_266' title='bbox 562 3930 732 4006; x_wconf 86' lang='lat' dir='ltr'><strong>nuperrimo</strong></span> <span class='ocrx_word' id='word_1_267' title='bbox 755 3929 927 3990; x_wconf 88' lang='lat' dir='ltr'><strong>correxerit.</strong></span> 
     </span>
    </p>
   </div>
   <div class='ocr_carea' id='block_1_5' title="bbox 0 0 1615 4882">
    <p class='ocr_par' dir='ltr' id='par_1_7' title="bbox 0 0 1615 4882">
     <span class='ocr_line' id='line_1_36' title="bbox 0 0 1615 4882; baseline 0 0"><span class='ocrx_word' id='word_1_268' title='bbox 0 0 1615 4882; x_wconf 95' lang='lat' dir='ltr'><strong> </strong></span> 
     </span>
    </p>
   </div>
  </div>
 </body>
</html>
