3184 4886
716 410 926 480 ..90-

285 573 440 663 cipa'oeog
465 579 603 661 exhibet,
632 581 716 647 unde
745 591 902 664 appareat
929 584 992 647 iam
1021 586 1098 647 ante
1127 581 1211 647 hunc
1243 599 1360 646 annum

286 693 392 765 caput,
425 703 486 767 quo
520 686 559 747 de
593 682 686 748 rebus
718 684 855 752 inuentis
888 693 1149 766 ageretuacuro
1180 685 1362 750 fabularum

285 787 375 867 libro,
397 806 489 868 quem
514 795 658 852 tenemus
681 787 881 853 coniunctum
903 787 1009 853 fuisse.

369 891 512 973 Denique
535 907 662 955 curnam
678 883 865 976 εὑρημάτων
879 891 1043 971 catalogus
1066 890 1096 954 in
1112 889 1363 973 mythologicum

285 992 492 1059 enchiridium
516 999 662 1073 receptus
685 993 738 1072 sit,
761 991 806 1056 eis
828 994 1043 1075 quaerendum
1066 992 1137 1069 erit,
1159 991 1213 1072 qui
1236 992 1275 1056 de
1292 997 1363 1056 tota

286 1096 382 1161 tertia
404 1094 570 1160 enchiridii
593 1101 686 1175 parte
708 1094 924 1176 disputabunt.
960 1094 1048 1160 luter
1065 1094 1146 1159 alias
1167 1095 1277 1174 utique
1292 1096 1363 1158 eius

287 1199 332 1263 rei
349 1215 462 1263 causas
485 1197 581 1262 etiam
605 1197 662 1262 hoc
686 1199 874 1262 monendum
898 1197 968 1278 erit,
990 1197 1127 1278 plurima
1149 1191 1284 1283 εὑρετῶν
1307 1214 1361 1260 uo-

288 1301 374 1366 mina
397 1304 429 1364 et
443 1305 629 1379 argumenta
644 1317 767 1382 quoque
782 1299 1090 1364 narratiuncularum
1106 1304 1176 1364 arte
1190 1298 1362 1365 cohaerere

285 1420 356 1466 curn
380 1401 515 1468 historia
537 1400 684 1468 fabulari.

370 1625 414 1688 nt
435 1624 559 1704 longius
575 1625 637 1689 iam
654 1627 824 1707 procedere
846 1623 935 1688 nobis
951 1623 1034 1689 licet.
1069 1624 1362 1692 Animaduertimus

285 1728 367 1791 enim
391 1727 562 1810 Hyginiani
594 1729 731 1810 catalogi
762 1726 1012 1792 narratiunculas
1043 1726 1220 1807 complures
1242 1748 1261 1792 a
1285 1727 1362 1794 Oas-

282 1830 420 1895 siodorio
435 1831 463 1912 ¹)
494 1831 527 1893 in
555 1831 664 1895 Variis
686 1829 814 1906 adferri,
844 1847 907 1910 quo
929 1848 1099 1894 enumero
1122 1829 1288 1894 nonnullae
1313 1830 1361 1895 uel

287 1952 349 1998 uno
378 1932 571 1999 cassiodorii
602 1933 783 1997 testimonio
812 1932 1056 2013 comprobentur
1089 1932 1211 2014 (§§9¹.
1238 1936 1285 1997 11.
1309 1934 1361 1998 30.

283 2034 355 2101 31b.
379 2037 443 2112 37).
489 2035 525 2098 ln
549 2037 658 2100 eodem
673 2035 702 2114 ²)
731 2043 839 2100 autem
863 2034 1055 2099 Cassiodorii
1086 2053 1181 2116 opere
1204 2035 1299 2100 etiam
1325 2053 1363 2099 ea

283 2139 412 2204 inuenta
445 2140 661 2220 reperiuntur,
697 2156 779 2219 qnae
813 2139 897 2218 apud
938 2138 1099 2219 Hyginum
1131 2136 1362 2203 desiderentur.

284 2240 418 2306 Exsistit
438 2240 538 2320 igitur
559 2241 713 2321 quaestio,
733 2242 817 2306 uude
839 2239 892 2305 ille
915 2260 952 2304 ea
975 2240 1132 2307 didicerit.

356 2337 1362 2424 ¹(lassiodoriuseuimSenatorutepistolarumpubli·

284 2464 402 2524 carum,
440 2463 519 2526 quas
550 2446 709 2511 conlectae
739 2445 834 2511 titulo
863 2444 1037 2510 Variacum
1067 2447 1220 2525 inscripto
1251 2445 1362 2525 edidit,

283 2547 406 2611 aridam
423 2548 650 2628 molestamque
665 2541 827 2613 materiem
844 2549 1054 2629 distingueret
1076 2555 1172 2629 atque
1187 2552 1362 2628 exornaret,

285 2650 337 2714 liic
359 2650 423 2715 illic
446 2651 657 2733 digressiones
671 2652 702 2734 ⁸)
732 2652 843 2716 doctas
872 2651 1016 2731 intexuit,
1049 2650 1163 2734 quibus
1185 2650 1362 2732 exquisitae

289 2791 461 2798 --—-—..-.-——.

374 2875 403 2952 1)
436 2877 552 2936 Primus
583 2878 729 2936 Munoker
759 2875 937 2936 Cassiodorii
971 2877 1052 2934 locos
1081 2876 1113 2934 in
1156 2874 1359 2935 testimonium

287 2963 415 3034 uocauit,
438 2963 475 3020 ol.
497 2962 651 3022 Stauereni
673 2970 827 3021 comment.
1275 3007 1276 3010 ,

373 3047 404 3124 2)
427 3049 463 3106 In
486 3049 591 3107 ceteris
614 3057 712 3108 tamn
735 3047 909 3106 cassiodorii
941 3047 1081 3123 operibus
1110 3065 1231 3122 perraro
1254 3048 1360 3104 heure-

286 3135 364 3190 mata
386 3143 659 3207 commemorantur,
690 3152 714 3195 e.
738 3155 764 3208 g.
788 3135 823 3192 de
846 3140 956 3194 artae
979 3133 1049 3191 diso.
1073 3138 1091 3191 3
1114 3153 1144 3208 p.
1169 3129 1298 3190 553¹'G2
1324 3134 1360 3190 de

285 3217 470 3276 arithmetica
499 3230 529 3278 et
559 3220 753 3290 astronomia3
783 3219 801 3277 l.
827 3219 846 3277 l.
872 3224 887 3276 5
912 3238 941 3293 p.
966 3223 1046 3276 556²
1069 3221 1105 3276 de
1135 3218 1254 3289 musica,
1286 3220 1360 3276 haec

285 3311 384 3362 autem
406 3323 466 3361 uon
490 3324 505 3362 e
530 3305 612 3364 fonte
634 3305 834 3364 heurematico
864 3305 1027 3362 manauisse
1059 3304 1177 3382 appiota
1207 3311 1358 3362 auctorum

284 3389 405 3447 nomina
425 3388 566 3449 indicant.

370 3476 402 3549 3)
424 3475 470 3533 Da
492 3475 538 3532 his
560 3475 723 3533 accuratius
746 3493 888 3554 quaerere
910 3493 1016 3550 operae
1038 3475 1166 3551 pretinm
1189 3472 1262 3532 mihi
1278 3473 1360 3531 uide·

285 3567 333 3618 tur
355 3562 426 3619 fore.
472 3561 557 3628 Nam,
579 3569 613 3619 ut
633 3580 723 3618 uuum
747 3580 890 3635 moneam,
921 3561 1030 3618 maiore
1053 3581 1117 3620 cum
1141 3559 1360 3636 probabilitate,

284 3665 371 3724 quam
387 3647 483 3705 adlruo
499 3648 607 3704 factum
623 3654 676 3719 eat,
692 3645 844 3704 diiudicari
863 3666 949 3721 posse
966 3645 1114 3717 existimo,
1130 3653 1228 3704 utrum
1245 3645 1356 3719 digres-

284 3731 382 3790 siones
403 3730 433 3788 in
458 3731 677 3792 conscribendis
698 3731 756 3788 iam
787 3731 911 3806 singulis
934 3731 1067 3807 epistolis
1098 3751 1135 3789 an
1168 3733 1199 3788 in
1229 3731 1360 3805 paranda

285 3818 398 3874 demum
427 3818 618 3893 epistolarum
648 3816 778 3875 editione
814 3818 944 3876 adiectae
974 3817 1042 3875 sint.
1094 3817 1295 3887 Nouissimus,
1327 3817 1358 3872 ni

284 3902 379 3974 fallor,
403 3905 438 3962 de
461 3901 569 3965 Varias
590 3903 754 3977 disputauit
776 3903 964 3961 Sohaedelius
987 3899 1074 3964 Plio.
1097 3898 1304 3982 dilucescere
1325 3919 1356 3963 u.

290 3983 378 4051 Cass.
401 3985 474 4054 Son.
503 3989 591 4051 1887.
635 3992 714 4048 Ante
737 3987 836 4048 omnia
859 3998 955 4049 autem
979 3989 1176 4048 desideramus
1199 3987 1357 4049 editionem
