3190 4882
655 427 866 492 ...33-

217 617 293 664 raro
316 598 407 680 origo
428 599 476 664 rei
497 598 631 664 alicuius
654 617 691 664 ac
713 600 830 680 patria,
853 601 938 665 unde
953 600 1088 680 primum
1104 588 1298 681 prouenerit,

216 701 386 782 gentilicio
408 701 520 766 addito
543 700 678 767 indicari
700 691 791 780 solet,
812 701 846 765 id
860 703 946 783 quod
968 721 1029 768 non
1044 703 1205 783 ignorauit
1219 701 1297 768 Poll.

220 802 356 872 V11188.
400 805 515 884 Itaque
529 803 616 883 locis,
638 821 717 884 quos
732 805 826 868 modo
838 804 979 882 laudaui,
1002 805 1089 871 nisus
1104 805 1298 892 heuremati-

216 923 277 972 cus
298 907 427 988 quidam
456 925 476 970 a
497 905 672 972 Thracibus
695 902 817 992 πέλτην
845 923 915 972 esse
945 907 1107 972 inuentam
1128 905 1300 974 adfirmare

218 1009 335 1092 potuit.
380 1009 499 1073 Tamen
522 1009 707 1073 memoriam
729 1015 854 1074 mutare
875 1009 1030 1075 audacius
1052 1016 1112 1076 est.
1135 1045 1177 1056 -

305 1112 324 1194 §
346 1111 387 1176 21
410 1141 454 1164 =
475 1111 547 1176 Tat.
569 1111 588 1193 ἕ
613 1113 662 1177 11.

305 1213 390 1297 §22
420 1205 600 1295 ,Ἰταλόν
621 1236 656 1277 τε
678 1251 721 1260 -
750 1209 905 1300 Σαυνίτης
926 1203 1021 1291 οὗτος
1042 1204 1080 1302 ἦν
1102 1251 1144 1261 -
1166 1217 1299 1301 πρῶτον

214 1315 339 1401 θυρεὸν
360 1312 631 1382 κατασκευάσαι.“
653 1317 758 1384 Test:
781 1317 897 1383 Athen.
913 1318 959 1383 VI
980 1338 1011 1400 p.
1026 1316 1100 1384 273ῐ
1116 1319 1299 1403 „(Romaui)

216 1417 313 1503 ,παρὰ
329 1422 492 1483 Σαυνιτῶν
515 1413 644 1502 ἔμαθον
657 1421 777 1506 θυρεοῦ
796 1420 930 1507 χρῆσιν“
952 1420 991 1486 cf.
1007 1420 1083 1487 Sall.
1098 1420 1169 1487 cat.
1183 1419 1235 1501 51,
1246 1421 1297 1489 38.

221 1523 337 1590 ltani
360 1541 446 1602 uero,
468 1539 550 1603 quae
573 1523 707 1588 nominis
728 1521 832 1587 forma
854 1524 922 1588 cod.
945 1523 1122 1603 exhibetur,
1146 1523 1299 1591 Samnitis

221 1642 377 1707 nusquam
407 1623 445 1690 fit
474 1625 592 1690 mentio
624 1619 763 1702 (Ἴτανος
802 1625 1026 1707 :oppidum
1061 1626 1235 1710 Cretense),
1266 1633 1300 1693 et

216 1745 401 1808 quanquam
432 1729 573 1806 ignotam
603 1728 761 1807 quandam
793 1729 975 1793 memoriam
1007 1726 1143 1794 fortasse
1165 1729 1300 1795 indicari

221 1829 424 1896 infitiandum
454 1837 596 1909 nonest,
625 1838 731 1896 tamen
761 1829 871 1896 licebit
893 1831 933 1897 de
955 1832 1138 1913 corruptela
1159 1832 1300 1913 cogitare

221 1939 256 1998 et
285 1932 448 1998 lenissima
479 1933 723 1998 commutatione
748 1925 876 1996 ''Icaror
904 1935 935 1999 in
960 1933 1157 1999 notissimum
1187 1953 1299 1999 nomen

222 2035 376 2100 Italorum
409 2035 555 2116 eponymi
585 2035 759 2116 corrigere,
789 2037 822 2099 id
852 2036 936 2116 quod
968 2035 1047 2102 mihi
1078 2035 1300 2117 suppeditaoit

222 2137 491 2204 Wachsmutbius.
536 2135 692 2202 Dindorfii
713 2139 841 2218 quidem
864 2139 1060 2217 coniectura,
1090 2157 1185 2221 quam
1209 2144 1300 2203 uetu-

221 2239 374 2312 stioribus
389 2239 565 2305 editoribus
580 2241 699 2320 debuit,
714 2241 799 2306 omni
814 2248 902 2306 caret
916 2240 1140 2321 fundamento;
1156 2241 1301 2306 Tritanni

218 2343 306 2408 enim
318 2360 439 2422 nomen,
454 2344 543 2425 quod
553 2340 761 2408 Samniticum
772 2341 872 2410 fuisse
885 2343 1038 2408 Varronis
1050 2341 1149 2426 (unde
1160 2343 1301 2426 pendent

223 2445 343 2512 Plinius
359 2452 392 2510 et
414 2445 562 2526 Solinus)
576 2447 608 2529 1)
631 2446 811 2510 testimonio
833 2447 998 2528 probatur,
1020 2446 1184 2512 intrudere
1198 2445 1249 2510 uel
1264 2463 1301 2511 eo

219 2557 383 2631 notamur,
399 2549 482 2629 quod
498 2547 699 2630 alphabetico
711 2548 826 2614 indicis
840 2549 944 2615 ordini
959 2567 1070 2613 nomen
1087 2552 1302 2629 repugnat.—

308 2652 391 2735 §23
422 2647 584 2734 ,Κάδμος
613 2650 674 2735 γὰρ
704 2645 722 2716 ὃ
750 2651 867 2732 Φοῖνιξ
888 2647 1086 2735 λιθοτομίαν
1108 2649 1216 2736 ἐξεῦρε
1239 2700 1247 2714 .
1272 2651 1301 2715 .“

221 2757 312 2822 idem
334 2774 386 2836 ap.
409 2753 489 2819 Plin.
513 2774 542 2820 n.
557 2755 588 2819 h.
604 2755 667 2819 VII
691 2755 761 2822 195.
784 2791 826 2801 -
847 2753 1067 2820 Eichholtzius
1089 2773 1120 2835 p.
1141 2755 1163 2820 b
1185 2754 1217 2817 ln
1239 2745 1300 2836 γάρ

222 2858 383 2942 particula
404 2856 546 2923 offendit.
590 2858 633 2922 At
649 2857 774 2924 iniuria.
818 2857 961 2924 Clemens
984 2858 1067 2922 enim
1090 2876 1111 2922 a
1132 2860 1301 2920 consuetu·

219 2963 297 3028 dine
319 2961 474 3026 sermonis
496 2961 597 3026 Attici
628 2960 751 3026 alienus
780 2962 812 3025 in
843 2961 1027 3026 narratione
1049 2959 1247 3039 maximeque
1268 2956 1300 3020 in

222 3063 447 3130 enumerandis
468 3063 603 3144 singulis
618 3063 714 3129 rebus
728 3058 790 3150 γάρ
804 3062 995 3144 particulam
1012 3062 1164 3128 adhibere
1179 3059 1260 3126 solet
1270 3059 1302 3141 ²)

219 3166 334 3234 eodem
356 3164 421 3232 iere
443 3183 548 3247 sensu,
570 3183 633 3247 quo
655 3163 693 3230 δέ
713 3164 914 3247 particulam.
952 3164 1104 3231 conferas
1118 3180 1236 3245 quaeso
1251 3163 1301 3229 ed.

223 3269 367 3334 Diodori.
383 3271 400 3334 I
414 3289 445 3351 p.
456 3270 509 3349 44,
523 3271 561 3349 4;
577 3269 628 3349 51,
644 3269 680 3350 9;
696 3269 748 3348 70,
762 3269 802 3348 5;
819 3269 870 3349 72,
881 3268 919 3350 53
941 3268 974 3332 Il
989 3287 1020 3349 p.
1032 3267 1084 3348 56,
1099 3269 1158 3347 24;
1174 3267 1225 3347 67,
1243 3265 1300 3346 10;

226 3372 297 3454 106,
311 3376 350 3452 4;
374 3373 498 3453 109,1;
522 3373 594 3454 110,
609 3373 669 3451 22;
691 3371 763 3451 229,
779 3373 817 3452 ὃς
833 3371 908 3454 387,
924 3373 973 3436 10.
988 3373 1047 3450 21;
1063 3371 1110 3436 ΙΠ
1125 3390 1157 3453 p.
1172 3371 1225 3452 40,
1242 3369 1300 3448 12,

222 3568 413 3708 Δτινκ.ΘΙο;
445 3565 511 3628 Ael.
533 3573 594 3628 nat.
618 3586 664 3626 an.
687 3565 753 3624 XII
776 3569 831 3637 303
862 3564 959 3624 Sobol.
984 3563 1176 3635 Thuo.18;
1201 3560 1300 3620 Schol.

225 3650 315 3710 Hom.
392 3657 460 3709 193.

314 3736 341 3812 l)
364 3735 410 3796 Da
432 3736 540 3794 Lucilii
563 3741 658 3794 autem
682 3735 747 3795 loco
771 3737 807 3795 of.
824 3736 973 3795 Marxium
989 3731 1081 3797 stud.
1096 3730 1200 3795 Lucil.
1218 3735 1299 3791 1882

245 3865 252 3879 .
276 3826 325 3880 69.

219 3841 242 3896 P
310 3906 342 3984 2)
372 3907 471 3965 Hillar
493 3903 602 3968 Herm.
624 3905 702 3964 XXI
725 3927 755 3983 p.
774 3911 831 3966 131
856 3927 886 3965 ιι.
913 3913 931 3965 4
960 3906 1017 3964 hoc
1045 3903 1207 3963 rectissime
1237 3904 1302 3962 ani-

222 3993 392 4065 maduertit,
415 3992 552 4068 exempla
574 3997 673 4050 autem
696 3993 812 4052 adferre
835 3991 1008 4068 supersedit.

1104 4098 1121 4152 8
