3184 4886
537 781 734 878 Addende
765 794 806 876 et
837 782 1085 901 oorrigendo.

367 970 424 1036 Ad
448 970 547 1054 1227
577 973 654 1038 adn.
678 975 705 1037 l.
749 975 807 1035 Pro
839 975 1028 1052 gremmetIoo
1059 994 1208 1052 anonymo
1238 975 1357 1035 adferre

278 1060 365 1119 debui
390 1058 549 1136 Georgium
572 1062 768 1121 Monachum:
791 1063 828 1121 ol.
849 1081 878 1138 p.
905 1066 973 1120 109.

362 1142 419 1208 Ad
433 1163 470 1225 ρ.
492 1143 543 1209 32.
586 1147 658 1207 Looi
682 1167 756 1226 quos
778 1149 815 1208 ed
838 1145 855 1226 5
881 1151 918 1206 18
941 1147 1145 1206 illustrendem
1172 1146 1294 1205 adhibui
1317 1146 1354 1204 ed

277 1237 456 1291 armeturem
485 1231 753 1306 gladiatorum
786 1241 929 1309 spectent,
962 1233 1012 1312 qui
1045 1231 1192 1292 Thi-esses
1221 1231 1352 1307 appelle·

278 1318 405 1390 bantur3
428 1318 517 1375 addes
531 1317 633 1376 quen.
662 1319 737 1377 VIII
752 1324 810 1378 201
831 1339 896 1380 oum
912 1317 1019 1389 sohol.;
1043 1319 1132 1378 etiem
1147 1317 1241 1394 ipsius
1256 1317 1356 1390 gentis

282 1401 429 1461 Threoum
458 1404 537 1462 istud
569 1403 658 1479 gladii
689 1423 782 1480 genus
811 1405 963 1482 proprium
993 1403 1086 1462 luisse
1108 1402 1293 1477 intellegitur
1315 1421 1355 1460 ex

280 1487 344 1550 vet
367 1489 447 1547 Μαι.
471 1488 524 1547 III
547 1495 575 1567 8,
603 1495 649 1549 12.
694 1490 737 1549 cf.
761 1490 1022 1550 Friedlsenderum
1045 1485 1179 1571 Sitletvy.
1202 1483 1300 1551 Roms
1323 1489 1358 1547 11

283 1578 362 1632 issi
388 1593 417 1649 p.
440 1578 502 1632 ιιι
518 1595 562 1654 sq.

284 1721 288 1728 ,
366 1656 423 1722 Ad
437 1678 473 1739 p.
489 1657 541 1724 53.
573 1660 748 1737 Nuperrime
763 1659 954 1720 Immisohius
968 1657 1055 1723 Aoo.
1069 1657 1149 1740 phil.
1169 1663 1225 1718 141
1245 1660 1356 1736 (1890)

279 1765 308 1821 p.
344 1750 404 1804 695
422 1765 466 1824 sq.
502 1746 716 1806 demonstrauit
751 1747 839 1822 primi
855 1746 1060 1821 ‘grammatici
1094 1765 1194 1804 ueram
1228 1745 1358 1804 nominis

281 1833 404 1890 formam
427 1849 491 1891 esee
509 1825 689 1906 Ἀντίδωρος
710 1837 741 1890 et
762 1832 890 1892 oonieoit
904 1831 1085 1891 Clementem
1104 1838 1273 1907 oomnptsm
1293 1830 1355 1888 for-

280 1936 357 1976 mem
376 1909 572 1994 Ἀντόὸωρος,
596 1936 683 1997 quem
704 1915 737 1976 in
760 1918 843 1976 fonte
866 1916 994 1993 legisset,
1017 1917 1113 1993 ipsum
1137 1916 1301 1977 oorrexisee
1323 1916 1355 1972 in

276 1995 513 2080 Ἀπολλόδωρος.
558 2001 673 2065 Quibus
695 2021 738 2076 ee,
761 2021 837 2083 quse
865 2004 929 2079 ipse
953 2022 982 2079 p.
1006 2007 1045 2061 88
1058 2022 1125 2082 sqq.
1157 2003 1193 2061 de
1215 2002 1355 2079 alphabe-

280 2089 340 2149 tioo
364 2090 490 2169 quodem
521 2089 624 2147 ordine
655 2088 821 2164 suspioetus
851 2109 923 2162 sum,
953 2108 1012 2148 non
1042 2089 1256 2164 infringuntur,
1286 2106 1354 2145 nem

275 2169 464 2251 Ἀνιόδιιρος
492 2174 603 2249 periton
633 2183 722 2255 etque
751 2166 972 2251 Ἀπολλόδωρος
1001 2175 1110 2235 retioni
1141 2174 1356 2234 elementorum

285 2261 477 2336 obtemperet

368 2342 425 2408 Ad
447 2363 483 2425 p.
506 2341 549 2407 84
571 2342 647 2407 adn.
669 2342 699 2407 2.
743 2345 810 2404 Non
842 2347 895 2404 ebe
924 2364 956 2403 re
987 2364 1051 2405 esse
1080 2346 1199 2404 uidetur
1229 2343 1359 2403 minores

282 2432 484 2490 heuremetum
500 2430 659 2509 catalogos,
682 2450 756 2510 quoe
778 2431 828 2490 hio
849 2430 911 2491 illio
926 2431 976 2490 uel
990 2431 1119 2490 indioeui
1135 2430 1184 2490 uel
1199 2429 1354 2505 exscripsi,

283 2517 338 2577 sub
369 2536 428 2575 uno
462 2522 582 2592 espeotu
615 2535 801 2592 oomponere.
844 2517 998 2591 Leguntur
1027 2517 1073 2575 his
1095 2516 1183 2576 loois:
1208 2517 1356 2591 Athenag.

284 2602 381 2679 suppl.
401 2602 436 2661 17
453 2601 504 2681 (of.
520 2621 607 2678 supre
623 2621 652 2680 p.
672 2605 711 2677 7),
735 2603 844 2662 Athen.
861 2603 876 2660 1
891 2621 920 2677 p.
937 2602 976 2661 87
994 2622 1038 2681 sq.
1051 2602 1101 2675 (of.
1117 2621 1146 2677 p.
1161 2605 1200 2676 3),
1214 2601 1357 2661 I'hemie't.

284 2688 392 2748 XXVI
414 2708 443 2764 p.
467 2690 526 2747 381
544 2708 588 2767 sq.
611 2689 659 2761 (oi.
684 2708 712 2764 p.
739 2691 797 2764 14),
827 2690 913 2748 Mart.
936 2689 1005 2764 Cep.
1028 2688 1063 2746 11
1088 2692 1146 2747 188
1172 2688 1220 2759 (ol.
1243 2706 1272 2762 p.
1297 2690 1358 2760 84),

285 2773 384 2834 Sohol.
407 2773 492 2833 Pind.
515 2774 604 2852 Pyth.
626 2773 653 2832 V
676 2778 695 2832 6
718 2773 768 2849 (of.
791 2794 820 2850 p.
845 2776 884 2847 7),
907 2773 989 2834 Seru.
1012 2773 1102 2849 Verg.
1125 2776 1200 2832 Aen.
1223 2773 1272 2831 IX
1295 2777 1355 2830 503

284 2861 333 2932 (of.
359 2880 386 2936 p.
409 2862 449 2934 7).
493 2860 606 2919 Δάᾱιιιιι
630 2866 752 2932 eeteros,
784 2878 859 2938 qnos
888 2860 1005 2938 quidem
1036 2859 1227 2936 reppererim,
1258 2859 1357 2917 looos:

285 2945 350 3004 Ael.
382 2963 443 3004 uer.
466 2945 534 3004 hist.
556 2946 609 3004 III
631 2950 681 3018 38,
712 2946 762 3004 ubi
790 2945 1018 3004 Atheniensium
1052 2948 1224 3004 heuremete
1246 2949 1358 3021 septem

286 3038 426 3105 oongeste
440 3030 628 3105 exhibentur,
644 3040 674 3090 et
690 3031 787 3090 Noun.
803 3032 891 3090 Dion.
904 3030 979 3091 XLI
996 3035 1174 3106 368-884,
1192 3031 1243 3089 ubi
1259 3031 1359 3088 decem

286 3117 407 3175 deorum
430 3117 551 3175 heroum
580 3117 731 3176 hominum
762 3118 886 3176 inuenta
913 3123 1097 3189 enarrantur,
1128 3135 1217 3196 quem
1240 3116 1359 3194 quidem

286 3200 451 3276 oetelogum
474 3203 551 3280 quod
575 3203 668 3261 serius
697 3202 835 3278 indegeui
859 3203 954 3275 doleo,
985 3203 1055 3282 quie
1084 3222 1150 3261 eum
1181 3201 1359 3260 heuremoti-

286 3305 386 3347 oerum
408 3285 544 3365 reliqniis
566 3288 783 3363 adiungendum
807 3307 871 3349 esse
893 3307 1009 3348 oenseo.
