3184 4886
691 407 928 480 ..102-

269 586 411 650 extrema
433 583 532 650 totius
555 583 596 649 de
617 583 734 650 litteris
750 581 941 648 narrationis
961 580 1122 664 particula
1136 580 1204 663 („in
1220 579 1349 648 Latium

270 703 325 752 aas
345 684 525 752 attulerunt
546 685 706 768 Pelasgi“)
729 684 895 752 diuellitur
917 684 957 750 ab
981 684 1036 764 eie,
1058 701 1140 767 quae
1162 684 1204 751 de
1218 675 1350 764 Graecis

270 786 387 854 litteris
409 788 498 856 dieta
518 792 602 854 sunt.
647 787 758 870 Neque
779 787 868 854 aliud
890 787 1013 854 Plinius
1037 787 1258 854 additamento
1272 786 1350 868 agit,

270 891 332 956 nisi
353 897 389 955 ut
411 907 502 957 snam
517 891 718 971 sententiam,
740 907 835 972 quarn
850 889 941 956 initio
955 890 1230 970 pronuntiauerat,
1253 889 1349 955 certis

269 994 465 1074 argumentis
486 991 628 1060 fulciret:
659 992 805 1060 vl1192
834 993 996 1074 „Litteras
1017 1009 1180 1075 semper
1209 992 1350 1058 arbitror

269 1095 410 1178 Assyriis
431 1094 549 1162 fuisse“
571 1094 609 1161 cl.
632 1095 695 1162 Vll
719 1095 780 1162 193
802 1143 839 1174 ,,.
854 1145 863 1162 .
879 1143 887 1160 .
902 1113 941 1160 ex
963 1114 1026 1178 quo
1047 1099 1184 1178 apparet
1205 1099 1350 1161 aeter-

269 1217 342 1264 nus
363 1197 543 1266 litterarum
566 1200 672 1264 usus‘.
716 1196 920 1280 Segreganda
951 1198 1049 1280 igitur
1071 1217 1091 1262 a
1113 1198 1247 1264 materie
1269 1196 1349 1262 beu·

270 1301 424 1367 rematica
445 1307 529 1381 sunt,
551 1300 789 1384 qnaeVlI193
811 1300 970 1383 leguntur,
992 1319 1095 1384 neque
1118 1301 1164 1366 eis
1178 1301 1347 1383 quiequam

270 1421 434 1470 commune
455 1406 504 1470 cst
532 1421 603 1468 cum
626 1403 769 1485 reliquiis
790 1402 1095 1484 beuremnticorum3
1127 1402 1251 1470 Plinius
1278 1403 1349 1485 ipse

272 1524 310 1570 ea
332 1525 372 1572 ax
393 1505 460 1571 suis
482 1505 693 1574 conlectaneis
714 1506 893 1574 admiscuit.
908 1543 950 1554 —
966 1506 1089 1574 Deinde
1110 1506 1348 1573 Metrodori

271 1607 445 1689 Scepsii·
462 1625 584 1689 nomeu,
614 1609 698 1691 quod
729 1609 772 1676 ad
806 1609 1019 1676 narrationem
1041 1609 1104 1676 Vll
1126 1609 1169 1675 89
1190 1607 1347 1690 prolatam

269 1712 482 1776 reuocandum
519 1717 585 1792 est,
618 1729 679 1776 non
707 1712 770 1778 nisi
799 1711 1024 1778 ostentationis
1049 1729 1146 1778 causa
1173 1711 1349 1792 posteriore

268 1811 375 1895 aliquo
396 1817 538 1895 tempore
560 1813 657 1880 indici
679 1813 879 1880 subiunctum
902 1821 960 1880 est.

359 1907 578 1982 Metrodorum
601 1917 793 1990 antecedunt
822 1916 854 1982 in
884 1916 991 1995 indice,
1016 1916 1155 1998 quinque
1184 1924 1349 1982 auctorum

269 2017 405 2099 nomina,
427 2037 509 2100 quae
531 2021 641 2086 eodem
664 2019 775 2086 urdine
805 2019 836 2084 in
859 2019 1042 2087 narratione
1063 2017 1125 2084 VH
1146 2019 1208 2086 207
1231 2023 1264 2084 et
1285 2019 1348 2086 208

268 2121 425 2203 leguntur.
470 2121 580 2203 Neque
602 2123 681 2188 haec
710 2123 878 2204 quicquam
909 2121 1030 2188 faciunt
1059 2122 1101 2187 ad
1131 2120 1348 2204 quaestionem

270 2229 421 2290 nostram.
464 2222 546 2290 Nam
578 2225 804 2308 Hegesias,
827 2223 1163 2303 Archemacbus,
1186 2223 1348 2306 Thucy·

270 2325 407 2404 didos,
431 2325 682 2407 Mnesiglto,
705 2328 972 2410 Xenagoras,
994 2328 1135 2410 itemque
1157 2326 1348 2408 Ctesias,

269 2428 511 2508 Damastes,
540 2429 808 2496 Aristoteles
848 2467 890 2476 -
928 2429 985 2510 qui
1015 2430 1126 2495 eodem
1158 2429 1348 2496 narrationis

269 2533 337 2597 loco
358 2531 541 2612 laudantur,
577 2533 608 2597 in
639 2533 743 2614 indice
776 2538 883 2598 autem
917 2532 981 2598 iam
1012 2550 1112 2622 supra
1132 2551 1190 2599 suo
1213 2532 1347 2616 quisque

270 2634 339 2700 loco
375 2635 523 2700 recensiti
559 2641 654 2713 sunt,
690 2671 732 2684 -
769 2653 840 2703 cum
872 2634 977 2700 nullus
1009 2655 1048 2701 en
1080 2635 1131 2702 bis
1163 2635 1347 2702 auctoribus

268 2736 428 2818 peculiare
450 2737 491 2802 de
512 2737 652 2803 inuentis
670 2754 750 2819 opus
764 2738 987 2819 composuerit,
1010 2743 1131 2806 certum
1146 2744 1196 2802 est
1209 2737 1348 2806 Plinium

270 2841 439 2922 unicuique
459 2857 569 2910 curum
592 2839 670 2905 nihil
692 2840 753 2906 nisi
773 2841 900 2924 singula
922 2840 1079 2920 debuisse,
1107 2858 1191 2922 quae
1213 2841 1347 2910 nomini-

269 2942 328 3007 bus
355 2961 462 3008 eorum
491 2942 629 3025 appictis
658 2951 837 3010 narrantur.
881 2943 948 3010 Nec
976 2943 1097 3024 dubito,
1130 2945 1205 3026 quin
1235 2944 1347 3013 horum

268 3046 444 3114 sententias
465 3045 527 3111 iam
558 3052 724 3129 excerptus
755 3047 976 3130 conlectasque
998 3046 1121 3114 Plinius
1142 3067 1160 3114 e
1181 3045 1269 3115 fonte
1290 3066 1348 3116 suo

268 3147 437 3228 acceperit

354 3249 444 3316 lnter
464 3256 626 3335 quattuor,
648 3252 703 3335 qui
724 3259 905 3334 supersunt,
927 3258 1073 3320 auctores
1093 3271 1176 3320 unus
1198 3273 1259 3321 non
1282 3255 1347 3322 dis·

268 3353 397 3435 putauit
411 3354 490 3418 data
505 3371 601 3434 opera
623 3351 702 3440 περὶ
723 3349 910 3442 εὑρημάτων
932 3355 1225 3439 Asclepiades.
1248 3357 1347 3428 cuius

269 3456 310 3522 ad
333 3474 443 3524 nomen
461 3454 582 3522 Plinius
604 3459 788 3525 adnotauit:
812 3459 887 3542 „qui
903 3453 1152 3544 τραγῳδούμενα
1175 3462 1232 3541 (sc.
1246 3462 1346 3544 scrip-

268 3557 357 3642 sit)“,
378 3577 441 3642 quo
462 3559 682 3626 additamento
713 3561 797 3628 bunc
826 3561 1039 3643 distingueret
1066 3562 1107 3627 ab
1128 3564 1269 3628 eiusdem
1290 3581 1345 3629 no-

269 3661 361 3728 minis
383 3662 514 3741 medico,
536 3663 589 3743 qui
612 3680 709 3744 supra
730 3665 813 3729 inter
841 3670 988 3730 auctores
1009 3671 1193 3732 numeratus
1216 3670 1266 3731 est
1288 3665 1344 3750 (ad

270 3764 330 3828 Vll
360 3765 444 3847 124).
489 3755 573 3845 Quid
605 3772 710 3831 tamen
742 3786 780 3831 ex
810 3767 997 3850 Asclepiade
1026 3767 1094 3833 siue
1124 3768 1246 3835 Plinius
1276 3769 1372 3852 ipse.

269 3865 337 3931 siue
365 3867 402 3948 is,
416 3895 418 3897 ·
432 3887 526 3951 quem
554 3868 732 3949 exscripsit,
767 3873 932 3936 mutuatus
964 3870 1017 3952 sit,
1047 3870 1239 3953 ignoramus
1270 3872 1347 3955 quia

270 3986 371 4049 neque
393 3969 425 4033 in
448 3970 529 4035 libro
552 3987 662 4060 nomen
687 3970 754 4036 eius
776 3971 936 4038 inuenitur
958 3990 1060 4054 neque
1074 3971 1263 4054 fragmentis
1277 3967 1346 4042 cius
