3190 4882
710 373 900 440 ,8-

268 542 458 610 christianis
482 544 643 626 catalogos
666 543 819 610 Tatianns
841 544 1001 626 Assyrios,
1033 543 1177 610 Clemens
1207 544 1343 611 Alexan·

268 645 388 724 doinus,
411 645 585 726 Gregorius
607 646 835 728 Nazianzenus,
858 647 972 713 deinde
988 645 1144 712 Eusebius
1161 645 1344 711 Caesarien-

267 748 322 826 sis,
345 747 563 815 Theodoretus
586 747 743 831 Gyrensis,
766 746 951 814 Theodorus
973 748 1176 813 Prodromus.

352 849 493 927 Quorum
509 849 750 931 antiquissimus
766 849 866 915 Tati
876 870 896 916 a
906 870 924 914 n
934 869 980 915 us
1002 850 1080 931 ipsis
1095 849 1135 914 ab
1150 849 1346 915 heurematis

270 952 431 1017 exordium
475 952 628 1018 orationis
669 949 754 1038 πρὸς
777 944 929 1038 Ἓλληνας
970 952 1168 1033 conscriptae
1201 951 1343 1032 sumpsit.

266 1055 373 1122 Verba
394 1060 470 1120 sunt
492 1055 626 1133 haec¹iz
1438 1141 1440 1146 Δ

351 1154 433 1243 ,Μὴ
444 1152 531 1221 πάνυ
546 1155 734 1244 φιλέχθρως
745 1155 943 1223 διατίθεσθε
960 1157 1047 1244 πρὸς
1061 1156 1137 1235 τούς
1150 1151 1345 1243 βαρβάρους,

193 1331 196 1338 ,
270 1253 386 1345 άνδρες
406 1251 561 1344 Ἕλληνες,
592 1257 674 1345 μηδὲ
705 1255 890 1348 φθονησητε
922 1263 994 1337 τοῖς
1023 1256 1145 1326 τούτων
1175 1255 1343 1344 δόγμασιν.

267 1363 366 1425 ποῖον
395 1358 456 1446 γάρ
487 1357 685 1449 ἐπιτήδευμα
716 1355 791 1449 παρ’
824 1357 900 1446 ύμῖν
928 1361 985 1450 τὴν
1015 1357 1172 1428 σύστασιν
1195 1355 1251 1428 οὒκ
1273 1353 1341 1424 άπὸ

266 1457 442 1549 βαρβάρων
464 1459 641 1550 ἓντήσατο,·
666 1468 682 1530 1
710 1461 924 1549 Τελμησσέων
944 1463 1004 1549 μὲν
1026 1462 1088 1550 γὰρ
1110 1460 1141 1532 σί
1164 1458 1345 1547 δοκιμώτα-

267 1586 318 1628 τοι
343 1563 400 1651 τὴν
431 1557 471 1645 (λί
504 1557 635 1648 ὀνείρων
666 1563 796 1648 ε’ξεύρον
818 1562 982 1654 μαντικήν,
1013 1569 1034 1632 2
1062 1569 1173 1654 Κᾶρες
1203 1563 1260 1652 τὴν
1290 1561 1346 1628 διὰ

266 1668 330 1731 τῶν
351 1661 481 1753 άστρων
503 1663 697 1753 πρόγνωσιν,
720 1670 740 1733 3
770 1665 836 1756 (τὴν
858 1666 913 1732 διὰ
935 1668 1005 1756 τῆς)
1028 1664 1178 1756 πτήσεως
1201 1661 1343 1754 ὀρνίθων

272 1763 395 1856 Φρύγες
423 1765 480 1832 καὶ
496 1761 650 1854 Ἰσαύρων
673 1767 703 1836 oi
734 1766 942 1851 παλαίτατοι,
972 1774 994 1837 4
1025 1766 1173 1859 Κύπριοι
1199 1766 1344 1856 θυτικήν,

265 1863 523 1959 δάστρονομεῖν
550 1866 773 1954 Βαβυλώνιοι,
806 1874 826 1938 6
857 1869 1005 1957 μαγεύειν
1035 1871 1184 1958 Πέρσαι,
1219 1874 1237 1938 ’ί
1267 1893 1344 1956 γεω-

267 1976 398 2059 μετρεῖν
418 1969 609 2056 Αἰγύπτιοι,
631 1975 651 2040 8
673 1974 730 2061 τὴν
752 1973 808 2040 διὰ
829 1971 1030 2060 γραμμάτων
1052 1971 1206 2040 παιδείαν
1235 1969 1346 2040 Φοίνι-

270 2097 334 2152 κες.
365 2067 447 2140 ὅθεν
469 2071 648 2141 παύσασθε
671 2075 732 2154 τάς
753 2074 907 2165 μιμήσεις
928 2075 1071 2164 εὑρέσεις
1093 2071 1344 2152 ἀποκαλοῦντες.

266 2178 287 2242 9
319 2172 451 2260 ποίησιν
479 2175 540 2261 μὲν
569 2177 630 2263 γὰρ
660 2171 773 2244 ἀσκεῖν
803 2177 858 2244 καί
889 2174 980 2268 ᾄδειν
1008 2174 1144 2268 Ὀρφεὺς
1169 2175 1254 2264 ύμᾶς
1277 2175 1344 2244 ἐδί-

267 2279 374 2361 δαξεν,
406 2279 447 2344 10
467 2273 485 2344 ὁ
509 2277 546 2343 δὲ
567 2273 665 2357 αὐτὸς
686 2278 742 2345 καί
763 2285 943 2365 μυεῖσθαι·
970 2285 1007 2348 11
1037 2281 1218 2348 Τουσκανοί
1241 2276 1345 2347 πλάτ-

140 2464 143 2469 .
265 2403 341 2461 τειν,
391 2382 429 2447 12
462 2375 610 2466 ἱστορίας
648 2378 835 2448 συντάττειν
868 2379 901 2449 αἱ
936 2378 1012 2471 παρ’
1045 2381 1249 2469 Αἰγυπτίοις
1282 2385 1346 2449 τῶν

264 2477 388 2568 χρόνων
411 2475 607 2570 ἀναγραφαί.
631 2487 670 2552 13
693 2481 855 2571 Μαρσύου
870 2485 907 2553 δὲ
921 2485 978 2552 καί
988 2479 1154 2573 Ὀλύμπου
1176 2485 1232 2577 τὴν
1248 2479 1343 2571 αύλη-

266 2582 357 2672 τικὴν
391 2576 641 2670 άπηνέγκασθε·
677 2583 800 2673 Φρύγες
825 2587 863 2654 δὲ
887 2582 1095 2676 ἀμφότεροι·
1131 2592 1171 2658 14
1203 2587 1259 2678 τὴν
1289 2587 1369 2655 ιλιοίΙ

267 2682 416 2772 σύριγγος
452 2682 610 2772 ἁρμονίαν
645 2683 795 2776 ’ίγροικοι
824 2688 1067 2780 συνεστήσαντο.
1115 2693 1155 2759 15
1190 2688 1345 2779 Τυρρηνοί

269 2785 452 2874 σάλπιγγα,
487 2789 527 2856 16
563 2787 730 2871 χαλκεύειν
758 2789 961 2874 Κύκλωπες,
1003 2797 1041 2861 17
1070 2794 1128 2860 καί
1166 2791 1346 2873 ἐπιστολάς

268 2888 459 2958 συντάσσειν
481 2888 501 2979 ἡ
523 2895 663 2979 Περσῶν
689 2917 771 2960 ποτε
794 2891 974 2984 ἡγησαμένη
1005 2894 1098 2987 γυνή,
1132 2892 1225 2963 καθά
1248 2916 1346 2983 φησιν

264 2989 459 3071 Ἑλλάνικος·
481 2990 635 3061 ’Ἀτοσσα
651 2994 688 3062 δὲ
702 2992 807 3082 ὄνομα
821 2993 909 3086 αὐτῇ.
931 2997 1151 3084 καταβάλλετε
1173 2998 1346 3088 τοιγαροίν

273 3098 387 3162 τοῦτον
408 3095 465 3161 τὸν
486 3099 588 3185 τῦφον
610 3098 698 3166 κτλ.“

354 3198 541 3281 Gatalogum
572 3208 659 3267 certo
689 3203 819 3269 consilio
842 3203 973 3271 Graecis
995 3204 1110 3272 infesto
1133 3205 1344 3286 compositum

270 3422 466 3483 enchiridium
490 3425 636 3503 quoddam
667 3427 702 3484 de
724 3425 771 3486 his
801 3429 913 3488 artibus
936 3429 1130 3506 compositum
1153 3429 1344 3500 consuluerit,

268 3508 442 3586 praesertim
474 3528 540 3568 oum
569 3510 600 3568 in
623 3511 725 3570 eodem
749 3531 865 3572 conexu
893 3514 1042 3590 copiosius
1073 3517 1110 3576 de
1137 3515 1345 3575 uetustissimis

267 3591 431 3654 artificibus
454 3593 589 3654 disserat.
632 3596 675 3654 cf.
699 3597 886 3658 Foersterum
916 3596 1015 3664 eror
1036 3598 1066 3663 d.
1082 3598 1217 3664 ᾶίίεείετι
1238 3597 1344 3664 Hera-

268 3676 375 3742 mido.
421 3680 505 3755 Prgr.
539 3680 659 3740 Vratisl.
695 3687 775 3742 1868
807 3689 837 3743 et
870 3685 1092 3744 Kalkmannum
1122 3684 1211 3750 Mus.
1242 3683 1344 3750 Rhea.

268 3764 360 3823 XLII
386 3766 475 3825 1887.
498 3785 527 3842 p.
551 3769 611 3824 522
628 3786 672 3846 sq.

359 3849 387 3924 l)
412 3851 486 3909 Usus
518 3871 582 3910 sum
605 3851 784 3913 editionibus
806 3853 929 3914 Ioannis
952 3855 982 3914 Ο.
1006 3856 1061 3916 Th.
1084 3857 1157 3918 Otto
1181 3855 1290 3935 (1851)
1314 3864 1344 3917 et

269 3934 397 3992 Eduardi
421 3936 571 3998 Schwartz
594 3938 712 4018 (1888).
