3190 4882
765 456 806 522 29
850 491 892 502 „.

250 634 308 694 aut
329 646 400 693 cum
424 623 561 710 Epapho
582 628 635 694 Ius
657 627 741 708 filio;
769 629 802 693 id
826 629 911 708 quod
933 644 1028 707 saepe
1050 626 1169 692 iactum
1192 630 1257 692 est:
1289 623 1327 691 of.

251 733 291 796 de
313 731 368 796 iilo
391 730 487 798 ulem.
511 732 730 811 strom.121,
763 731 834 811 106,
863 732 903 795 de
927 731 985 796 hoe
1012 729 1131 795 Herod.
1154 731 1187 794 II
1212 730 1272 795 153
1295 738 1328 794 et

252 832 318 898 hel.
342 841 404 898 nat.
428 853 477 899 an.
500 835 546 898 XI
570 835 619 900 10.
665 836 757 913 Quod
780 835 1032 899 additamentum
1055 851 1235 915 quanquam
1259 832 1328 899 Ole-

252 955 337 1001 mens
360 938 428 1019 ipse
451 938 625 1019 adiungere
646 939 761 1018 potuit,
784 945 900 1018 tamen
923 938 998 1018 quia
1019 936 1059 1002 ab
1076 936 1212 1002 Eusebio
1234 937 1328 1001 omit-

252 1040 339 1119 titur,
363 1041 474 1106 leotori
496 1041 592 1106 alicui
624 1043 718 1107 docto
749 1041 931 1106 recentioris
960 1041 1077 1105 aetatis
1099 1041 1242 1121 adsigno,
1273 1040 1327 1122 qui

250 1143 310 1207 hac
343 1143 549 1208 adnotatione
572 1144 699 1208 adiecta
731 1144 871 1208 oonsilio¹
892 1133 1063 1208 Clementis
1093 1143 1248 1208 inseruire
1272 1160 1328 1206 uo·

250 1244 355 1310 luerit.

336 1365 480 1446 Denique
510 1358 660 1446 αὐξάνειν
684 1366 814 1431 uerbum
847 1365 1001 1447 Clemens,
1033 1367 1061 1430 si
1092 1385 1152 1432 non
1185 1366 1215 1429 in
1239 1365 1328 1431 fonte

251 1468 316 1532 tale
338 1470 413 1549 quid
436 1469 514 1549 legit
545 1468 598 1550 (ci.
622 1470 713 1534 Diod.
746 1468 773 1532 V
797 1469 847 1546 74,
870 1470 915 1549 6),
948 1469 1014 1548 ipse
1044 1487 1112 1532 earn
1136 1469 1175 1533 ob
1198 1486 1326 1533 oausam

254 1574 430 1653 usurpauit,
462 1579 499 1635 ut
531 1572 793 1637 inuentionis
827 1579 912 1636 certe
949 1570 1081 1653 gloriani
1117 1571 1252 1636 barbaro
1278 1608 1328 1644 ,-

254 1674 350 1752 Apidi
373 1674 444 1741 dieo
466 1711 508 1721 -
531 1676 716 1740 uindicaret.
741 1712 780 1720 -

339 1795 357 1876 ξ
382 1796 422 1861 lh
445 1787 593 1876 „Matar
615 1792 651 1858 δὲ
673 1788 691 1857 ὃ
713 1789 825 1877 Λίβυς
848 1795 979 1878 πρῶτος
993 1797 1070 1857 ναῦν
1084 1789 1326 1881 ἐναυπηγήσατο

254 1893 310 1960 καὶ
331 1893 388 1983 τὴν
409 1893 584 1961 θάλασσαν
606 1892 792 1961 ἔπλευσεν.“
815 1897 1008 1963 Testimonia
1029 1895 1149 1962 frustra
1171 1899 1325 1981 quaesiui.

251 1999 321 2065 Nisi
348 2001 438 2065 Atlas
461 1996 573 2083 Λίβυς
602 2000 833 2081 perhiberetur,
861 2001 1012 2066 heurema
1042 2019 1080 2065 ex
1103 1999 1266 2065 Platonica
1289 2002 1328 2065 da

252 2103 417 2168 Atlantide
454 2104 558 2169 insula
593 2104 775 2168 narratione
812 2121 879 2168 esse
923 2104 1093 2166 deductum
1137 2104 1327 2168 conicerern:

253 2206 372 2272 diserte
399 2207 482 2271 enim
512 2207 556 2271 ihi
587 2207 683 2284 (Fiat.
707 2205 783 2271 urit.
806 2225 836 2286 p.
861 2207 952 2284 1130)
982 2207 1172 2270 adnotatur:
1203 2205 1329 2287 „niolo

252 2307 309 2372 καὶ
343 2307 382 2373 τὸ
414 2307 512 2372 πλεῖν
545 2302 637 2373 οὔπω
666 2300 731 2374 τότ’
762 2301 828 2395 ἧν“,
860 2309 934 2373 dum
965 2306 1133 2388 Neptunus
1160 2309 1328 2392 imperium

265 2412 424 2476 eonditum
456 2410 540 2493 filiis,
562 2431 694 2494 quorum
718 2412 873 2477 maximus
903 2430 940 2478 ao
970 2413 1117 2492 princeps
1145 2412 1208 2476 fuit
1230 2412 1331 2491 Atlas,

255 2514 450 2596 tradiderat;
473 2515 587 2579 deinde
612 2533 686 2579 uero
707 2515 840 2580 Atlante
862 2517 992 2595 eiusque
1013 2513 1170 2580 iratribus
1193 2534 1327 2598 regnan·

253 2617 339 2681 tibus
362 2636 413 2682 res
435 2617 559 2684 naualis
581 2617 709 2700 egregie
730 2615 872 2683 floruisse
895 2618 1021 2684 dicitur.
1067 2617 1169 2698 Magis
1192 2617 1327 2683 fortasse

254 2719 417 2799 arridebit,
440 2722 525 2803 quod
542 2720 800 2786 Wachsmuthiua
824 2721 900 2786 mihi
922 2722 1097 2802 proposuit,
1120 2721 1268 2784 nimirum
1285 2720 1327 2784 ad

253 2823 463 2888 coniecturam
509 2823 714 2888 heurematici
758 2823 891 2889 alieuius
929 2823 1091 2887 inuentum
1128 2821 1328 2888 referendum

253 2943 331 3003 esse,
353 2945 416 3008 qua
434 2917 647 2990 Ἀτλαντικυῦ
679 2921 839 3007 πελάγους
862 2943 972 2989 nornen
1005 2925 1058 2988 ille
1081 2925 1238 3006 explicare
1260 2932 1328 2990 stu·

254 3029 366 3094 duerit.
391 3065 431 3076 —
1306 3025 1308 3030 ’

341 3149 360 3230 ἓ
391 3148 431 3214 16
447 3166 492 3231 sq.
530 3146 680 3232 „Ka'tprg
711 3171 745 3212 τε
779 3140 820 3210 αὖ
848 3146 905 3211 καὶ
937 3145 1168 3230 Δομναμενεὺς
1201 3143 1232 3213 οὶ
1266 3151 1330 3212 τῶν

249 3247 378 3315 Ἰδαίων
393 3246 561 3316 Δάκτυλοι
585 3251 714 3336 πρῶτον
738 3247 869 3336 σίδηρον
890 3238 983 3334 εὗρον
1006 3247 1040 3314 ἐν
1054 3245 1195 3336 Κύπρῳ,
1219 3249 1329 3327 Δέλας

256 3352 294 3420 δὲ
326 3347 426 3430 ἷίλλος
453 3346 572 3431 Ἰδαῖος
606 3343 676 3438 εὗρε
705 3352 826 3433 χαλκοῦ
858 3353 993 3439 κρᾶσιν,
1022 3347 1069 3429 ὡς
1101 3352 1138 3417 δὲ
1165 3347 1328 3432 Ἡσίοδος,

255 3453 413 3542 aranga
463 3457 546 3522 Huio
574 3459 748 3523 narrationi
779 3457 958 3523 simillimus
989 3463 1095 3522 exstat
1127 3458 1213 3521 locus
1241 3459 1329 3537 apud

255 3561 334 3627 Plin.
358 3582 387 3626 n.
410 3561 440 3625 h.
464 3561 526 3625 VII
550 3562 627 3626 197:
650 3579 723 3640 „aes
746 3558 882 3625 conflare
904 3567 937 3624 et
959 3567 1136 3641 temperare
1159 3560 1215 3641 (=
1230 3558 1326 3624 clem.

254 3665 272 3747 ξ
289 3666 342 3743 17)
365 3663 552 3728 Aristoteles
574 3664 697 3746 Lydum
715 3662 851 3746 Scythen
867 3668 1069 3740 monstrasse,
1092 3661 1328 3742 Theophrastus

254 3767 366 3831 Delam
397 3765 556 3847 Phrygem
592 3771 707 3846 putant
708 3815 842 3846 .....
870 3763 988 3830 ferrum
1018 3764 1073 3845 (=
1096 3763 1192 3829 Clem.
1224 3763 1242 3844 ξ
1274 3764 1328 3845 16)

254 3870 413 3936 Hesiodus
444 3868 477 3931 in
507 3866 602 3933 Creta
632 3886 695 3949 eos,
726 3869 781 3949 qui
810 3869 916 3933 uocati
947 3873 1020 3932 sunt
1052 3866 1178 3948 Dactyli
1209 3865 1328 3931 Idaei.“

255 3973 393 4040 Eaedem
417 3971 499 4035 enirn
523 3989 574 4035 res
597 3972 627 4034 in
652 3976 785 4052 utroque
808 3971 952 4051 catalogo
975 3970 1094 4034 eisdem
1111 3969 1328 4036 inuentorihus
