3184 4886
711 367 926 434 ..62-

370 537 493 604 Deinde
515 556 696 622 quanquam
719 539 810 620 larga
833 537 1005 604 Clementis
1027 538 1118 619 copia
1140 538 1241 604 multo
1263 538 1363 604 mino·

284 659 352 706 rem
376 625 562 727 εὑρημάτων
584 658 750 706 numerum
778 640 833 706 ille
859 640 1004 722 protulit,
1035 645 1141 706 tamm
1170 676 1213 689 -
1244 658 1308 705 nna
1329 660 1363 730 re

281 750 415 824 excepta
427 779 470 792 —
484 746 618 809 eundem
634 742 776 808 ordinem
792 743 935 809 seruauit
945 743 984 826 ¹).
1030 743 1111 822 Quin
1129 761 1199 808 eam
1222 761 1363 824 causam,

282 863 345 928 qun
369 846 518 913 inductus
541 846 572 911 in
589 846 627 929 ἕξ
647 847 662 910 1
680 852 713 910 et
729 846 749 911 2
764 864 784 910 a
798 846 895 912 Olem.
920 846 1031 911 ordine
1053 846 1242 926 discesserit,
1265 845 1366 912 mani-

282 945 400 1014 festam
433 947 634 1027 babebimus,
664 964 735 1015 curu
766 947 1023 1028 reputanerimus
1055 946 1299 1031 Theodoretum,
1330 954 1380 1014 ut

282 1051 514 1134 Aegyptiorum
546 1051 735 1118 beuremata
762 1056 876 1117 cuncta
905 1084 944 1096 -
975 1050 1058 1117 sicut
1079 1050 1224 1117 Clemens
1244 1049 1366 1118 fecerat

281 1154 378 1218 -in
409 1153 500 1219 initio
522 1153 710 1234 conlocaret,
735 1147 941 1240 γεωμετρίαν,
965 1172 1060 1237 quam
1083 1152 1137 1218 ille
1158 1153 1227 1219 loco
1248 1154 1360 1237 quinto

281 1255 487 1336 exhibuerat,
524 1257 557 1322 in
596 1257 733 1338 primum
771 1256 873 1322 locum
903 1255 1077 1322 transferre
1108 1260 1252 1323 coactum
1282 1274 1362 1336 esse,

280 1358 429 1442 quoniam
463 1359 696 1442 Aegyptiomm
735 1358 950 1426 astronomiae
978 1363 1171 1442 opposuerat
1205 1357 1363 1426 Chaldae-

282 1478 372 1525 orum
395 1454 610 1545 ἀστρολογίαν
631 1457 689 1524 καὶ
711 1455 987 1545 γενεθλιαλογίαν.

370 1563 515 1645 Denique
539 1581 610 1628 cum
626 1564 802 1646 complures
824 1564 1011 1646 particulae,
1033 1582 1113 1647 quas
1130 1562 1274 1630 Clemens
1296 1563 1367 1645 ipse

283 1684 301 1730 e
334 1664 458 1729 duobus
489 1665 627 1729 diuersis
657 1663 799 1732 fontibus
830 1666 995 1731 deriuatas
1025 1666 1242 1745 coniunxerat,
1276 1665 1364 1747 apud

283 1765 404 1833 Theod.
433 1767 542 1832 eudem
576 1768 687 1833 ordine
716 1773 931 1850 conectuntur,
962 1767 1067 1835 tacere
1098 1785 1158 1833 non
1188 1785 1366 1849 possumus,

283 1869 358 1954 quin
375 1868 607 1936 Theodoretum
623 1869 769 1952 catalogo
785 1869 955 1936 Clementis
971 1889 1062 1936 nsum
1078 1888 1147 1937 esse
1161 1869 1364 1936 arbitremur.

786 2057 856 2140 §a

368 2175 427 2241 Vel
448 2176 480 2241 in
503 2175 565 2240 XII
580 2176 739 2241 saeculum
764 2177 955 2242 descendere
978 2196 1058 2260 opus
1080 2184 1138 2258 est,
1161 2197 1234 2245 nam
1249 2197 1362 2262 agmen

283 2298 402 2358 eorum,
423 2279 479 2360 qui
502 2278 732 2346 clementinum
754 2281 933 2364 catalogum
957 2282 1220 2363 compilanerunt,
1243 2281 1367 2346 clandit

284 2381 532 2448 Theodorus
555 2379 812 2449 Prodromns.
846 2383 1365 2465 lnlaudatione²)enim,ouiin-

284 2485 435 2553 scribitur
456 2481 561 2568 „ssepi
583 2485 640 2571 τῆς
655 2479 797 2571 γλώττης
816 2487 874 2551 τοί
892 2478 1159 2574 Ὀρφανοτρόφου
1180 2485 1238 2552 καὶ
1252 2493 1363 2570 Νομο-

286 2586 443 2676 φύλακος,
465 2587 564 2673 κυροῖ·
581 2579 734 2668 Ἀλεξίου
754 2588 812 2652 coi
831 2581 1058 2676 'adprorpvori‘ss
1081 2597 1119 2655 ut
1140 2590 1279 2672 linguam
1295 2605 1364 2654 esse

284 2692 438 2775 optimum
462 2692 835 2774 praestantissimumque
868 2693 1008 2774 corporis
1030 2692 1161 2759 humani
1188 2690 1363 2758 membrum

285 2797 491 2875 demonstret,
506 2791 617 2859 inflato
628 2795 781 2860 orationis
791 2814 904 2877 genere
918 2795 1056 2879 exponit,
1072 2801 1226 2877 qnantum
1237 2794 1364 2876 linguae

284 2898 427 2963 homines
443 2896 623 2979 debuerint,
645 2902 679 2962 et
693 2904 771 2979 quot
786 2905 872 2963 artes
887 2898 1136 2981 disciplinaeque
1151 2918 1208 2981 per
1222 2897 1364 2979 linguam

285 3001 461 3067 doceantur
475 3006 573 3081 atque
588 3008 802 3068 exerceantur.
837 3001 942 3067 Huius
957 3007 1063 3067 autern
1079 2997 1365 3083 argumentationis

374 3239 403 3318 1)
426 3240 501 3299 Inde
524 3241 611 3300 simul
633 3242 799 3302 luculenter
831 3242 959 3303 efficitur
981 3243 1199 3303 Theodoretum
1228 3261 1281 3302 sua
1302 3261 1362 3300 non

286 3346 325 3386 ex
347 3325 475 3384 Eusebio
497 3327 639 3400 hausisse,
663 3328 709 3387 cui
733 3328 852 3406 quidem
875 3329 933 3387 alia
954 3329 1047 3388 multa
1070 3330 1175 3389 debet:
1205 3348 1273 3387 nam
1296 3347 1362 3387 eum

285 3414 317 3472 iu
340 3413 483 3486 catalogo
497 3412 618 3471 Eusebii
633 3413 872 3472 transscribendo
894 3414 972 3472 forte
993 3414 1115 3474 fortuna
1130 3419 1219 3494 atque
1234 3414 1363 3473 inscien-

285 3504 347 3559 tem
379 3498 414 3556 ad
447 3496 607 3556 Clementis
637 3498 769 3557 ordinem
798 3518 846 3557 res
878 3499 1056 3575 disposuisse
1088 3507 1211 3577 propter
1241 3499 1361 3557 nimiam

286 3583 485 3660 catalogorum
509 3582 621 3642 ordinis
654 3583 866 3642 dissensionem
896 3585 933 3643 ab
964 3585 1043 3644 omni
1075 3585 1286 3663 probabilitate
1312 3585 1364 3643 ab·

286 3671 397 3730 horret.

373 3756 406 3834 2)
429 3753 531 3814 Edidit
545 3754 621 3813 hauc
633 3753 876 3814 declamationem
891 3756 971 3815 inter
986 3757 1043 3814 alia
1055 3756 1209 3816 Prodromi
1223 3754 1364 3832 opuscula

286 3841 401 3902 FIGLa
429 3839 675 3899 Poros-du·'lheil
696 3836 828 3904 Notices
860 3843 891 3904 et
918 3840 1053 3905 cabaits
1085 3839 1141 3905 des
1168 3839 1364 3904 manuscrits

288 3924 326 3988 de
348 3924 381 3989 la
403 3923 608 4006 tolletisque
628 3923 794 3990 nationale
818 3927 877 3985 uol.
903 3928 947 3986 VI
969 3948 999 4005 p.
1023 3931 1200 3988 ona-558.
