3184 4886
668 461 711 476 ..
754 424 883 496 gp-

236 595 352 679 capitis
374 597 438 662 274
460 595 626 664 materiem
649 618 667 664 a
687 597 829 681 Vergilio
851 616 923 664 esso
943 597 1103 678 haustam,
1128 597 1229 681 capiti
1251 596 1313 664 277

236 704 344 764 autem
377 699 621 768 Callimacheam
654 735 698 748 —
729 701 850 767 scilieet
879 721 918 766 ex
946 701 1052 767 Actias
1079 701 1250 767 deductam
1272 736 1314 747 -—

236 801 413 868 doctrinam
437 803 575 870 subesse.
620 803 682 870 Sed
713 803 847 884 singulis
878 803 1041 870 recensitis
1071 803 1247 868 Bursianus
1269 803 1313 886 (p.

238 905 300 970 782
315 905 378 988 sq.)
400 910 499 989 capnt
513 906 577 972 274
592 911 693 972 totum
710 906 885 973 rectissimo
901 906 1030 990 negauit
1045 906 1227 973 deriuatum
1243 923 1314 971 esse

236 1025 254 1072 e
270 1007 403 1090 Vergilii
418 1007 611 1074 carminibus
628 1026 800 1090 eorumque
815 1009 1059 1089 commentariis,
1081 1015 1115 1074 et
1136 1009 1205 1090 ipse
1220 1009 1314 1073 modo

235 1111 370 1177 euicisse
393 1109 471 1176 mihi
495 1111 604 1178 uideor
626 1112 719 1179 ambo
741 1111 849 1197 capita
879 1129 918 1178 ex
945 1129 1007 1177 uno
1030 1111 1203 1194 eodemque
1224 1108 1314 1176 fonte

236 1212 423 1280 manauisse.
543 1289 546 1294 ,

321 1315 400 1393 Quis
422 1323 530 1382 autem
551 1315 648 1383 fuerit
663 1317 837 1400 Hyginiaui
854 1317 991 1400 catalogi
1006 1316 1087 1398 fons,
1110 1315 1179 1382 erui
1194 1315 1313 1398 nequit.

238 1417 383 1485 Concedo
406 1418 533 1500 quidem
564 1437 683 1501 paucas
714 1419 889 1500 particulas
919 1438 957 1484 ex
980 1419 1097 1502 Hygini
1120 1417 1237 1488 fabulis
1259 1421 1313 1504 (ἓξ

237 1521 277 1587 13
292 1539 338 1606 sq.
361 1522 412 1589 35.
435 1522 501 1605 38),
542 1523 709 1589 nonnullas
741 1541 759 1587 e
792 1523 893 1589 Seruii
924 1523 1158 1588 commentariis
1187 1524 1241 1607 (ἕξ
1264 1525 1313 1588 12.

238 1625 277 1693 19
292 1643 338 1708 sq.
360 1625 412 1690 28.
435 1625 502 1706 33),
525 1625 605 1691 alias
627 1624 753 1690 ePlinii
775 1625 920 1708 catalogo
935 1625 1151 1692 beurematico
1167 1627 1218 1709 (ἕξ
1232 1627 1312 1709 4sq.

235 1732 264 1797 8.
287 1729 338 1794 23.Ι
361 1728 412 1794 25.
436 1731 486 1796 26.
511 1730 567 1811 29)
590 1729 692 1812 repeti
715 1730 864 1810 potuisse.
888 1730 990 1796 Maior
1014 1747 1088 1796 uero
1111 1747 1187 1811 pars
1204 1729 1314 1793 inuen-

236 1841 339 1897 turum
361 1833 430 1898 eius
452 1833 537 1897 modi
561 1839 619 1911 est,
650 1840 687 1896 ut
717 1833 757 1900 de
786 1832 908 1912 origine
936 1849 1044 1898 eorum
1067 1830 1146 1897 nibil
1170 1831 1314 1896 conicere

236 1934 349 2015 liceat;
372 1935 468 2000 immo
490 1953 552 2000 non
567 1952 670 2017 pauca
684 1953 791 2000 eornm
808 1935 933 2000 omnino
950 1953 1009 2000 non
1029 1940 1315 2000 commemorantur
1365 2012 1367 2017 .

236 2037 323 2120 apud
357 2037 436 2102 alios
464 2043 619 2103 auctores
664 2038 781 2102 Tamen
812 2038 862 2102 cui
893 2038 1002 2120 generi
1032 2037 1213 2104 litterarum
1241 2034 1313 2102 fons

234 2139 463 2205 adscribendus
484 2139 537 2219 sit,
560 2139 627 2207 sine
649 2138 714 2204 ulla
736 2141 945 2207 haesitatione
967 2139 1109 2206 indicare
1131 2138 1215 2206 licet.
1245 2138 1313 2204 Pri·

238 2261 322 2307 mum
346 2241 429 2308 enim
453 2247 502 2307 tot
524 2248 652 2325 tamque
675 2242 845 2309 dissimiles
868 2244 952 2309 inter
982 2261 1017 2310 se
1038 2262 1089 2309 res
1112 2242 1259 2323 catalogo
1281 2240 1313 2304 in

233 2363 329 2409 unum
353 2345 673 2427 comprehenduntur,
694 2355 730 2408 ut
752 2363 806 2411 eas
821 2347 863 2410 ad
879 2345 1103 2412 conlectionem
1124 2337 1312 2432 εὑρημάτων

234 2464 384 2514 reuocare
406 2447 588 2512 debeamus.
634 2447 755 2512 Deinde
778 2448 847 2530 ipsa
862 2448 1071 2531 complurium
1094 2447 1311 2514 narrationum

235 2548 356 2617 indoles
378 2549 662 2615 beurematicorum
685 2551 827 2615 studium
851 2550 1018 2617 manifesto
1040 2550 1157 2635 prodit.
1192 2550 1303 2615 Addas

232 2653 316 2735 quod
339 2671 400 2716 non
422 2669 543 2734 paucae
564 2651 820 2718 narratiunculae
842 2653 960 2734 partim
982 2653 1033 2721 nel
1055 2653 1173 2721 eisdem
1196 2651 1313 2732 uerbis,

233 2755 285 2819 uel
308 2753 411 2820 fusius
432 2755 463 2819 in
487 2753 581 2820 Plinii
603 2755 748 2836 catalogo
763 2756 922 2838 leguntur,
944 2757 1062 2839 partim
1085 2757 1140 2838 eis,
1163 2771 1245 2839 quae
1259 2753 1312 2819 bic

234 2858 352 2937 tradit,
383 2857 629 2942 comprobantur
660 2857 713 2943 (of.
744 2858 783 2941 ξς
817 2859 866 2926 15.
889 2858 941 2924 34.
964 2858 1005 2926 38
1028 2877 1100 2925 oum
1121 2858 1201 2924 Plin.
1225 2874 1254 2921 n.
1278 2857 1310 2922 b.

231 2960 293 3026 VII
317 2960 386 3026 196.
413 2959 483 3026 199.
506 2960 601 3042 206);
633 2960 769 3026 Plinium
797 2962 882 3027 enim
904 2963 1009 3044 ipsun
1030 2981 1049 3027 o
1071 2961 1161 3028 libris
1198 2959 1312 3027 henro-

235 3063 421 3131 maticorum
444 3063 589 3128 hausisse
611 3060 695 3127 infra
716 3063 944 3144 intellegemus.
976 3064 1090 3145 Itaque
1103 3063 1234 3129 dubium
1250 3080 1312 3128 non

235 3171 296 3246 est,
318 3165 393 3247 quin
416 3183 539 3231 summa
562 3164 701 3247 capitum
724 3165 790 3230 274
811 3174 844 3231 et
865 3167 928 3232 277
952 3167 994 3232 ad
1017 3160 1212 3234 Graecorum
1234 3163 1313 3252 περὶ

234 3261 424 3354 εὑρημάτων
445 3266 542 3334 libros
564 3267 703 3349 recedat,
724 3268 776 3333 oui
799 3270 956 3350 quaedam
978 3269 1129 3337 adiecerit
1150 3270 1312 3337 Romanus

234 3372 339 3436 nescio
359 3372 431 3454 quis
452 3371 690 3453 grammaticus.

321 3474 428 3556 Atque
448 3477 518 3539 tota
540 3473 680 3555 corporis
695 3473 868 3557 Hyginiani
890 3493 965 3556 pars
980 3476 1078 3542 tertia
1092 3492 1154 3559 quo
1170 3479 1313 3554 tempore

236 3576 410 3657 composita
432 3575 476 3641 sit
490 3593 561 3643 cum
576 3575 768 3658 ignoremus,
789 3576 990 3643 inuentorum
1005 3583 1111 3645 tamen
1126 3584 1223 3660 caput
1236 3582 1312 3640 ante

236 3697 330 3761 quem
362 3677 531 3743 terminum
564 3677 741 3745 confectum
783 3680 826 3745 sit
858 3679 1038 3747 accuratius
1069 3678 1194 3745 definiri
1228 3677 1313 3744 licet.

237 3780 468 3846 Dositbeus
501 3781 583 3846 enim
617 3781 784 3864 magister,
816 3782 872 3863 qui
904 3800 986 3849 anno
1019 3802 1048 3864 p.
1082 3781 1157 3848 chr.
1188 3801 1218 3845 n.
1248 3781 1310 3848 207

236 3883 445 3949 enchiridium
460 3882 674 3964 Hyginianum
688 3886 847 3967 excerpsit
868 3885 948 3950 etin
965 3883 1119 3950 Graecum
1135 3901 1311 3951 sermonem

236 3985 412 4068 transtulit,
440 3985 523 4052 inter
546 3985 769 4070 inscriptiones
798 3987 940 4070 capitum
968 3986 1067 4055 etiam
1095 3982 1175 4076 περὶ
1194 3987 1312 4068 τεχνῶν
