3184 4886
717 341 1052 437 -ao-‘

277 562 358 624 uem,
380 561 462 623 quae
484 547 533 608 cst
555 542 595 607 de
617 540 754 606 metallis
777 541 915 606 iuuentis
936 540 990 623 (ἕξ
1005 539 1143 625 l··11);
1166 541 1263 621 locus,
1289 556 1352 620 quo

279 646 387 726 agitur
416 645 456 710 de
483 643 701 710 instrumentis
732 643 860 711 musicis
891 643 943 726 (ἕξ
972 640 1124 726 25-28),
1157 633 1356 723 ineptissime

280 747 523 829 interrumpitur
545 748 564 830 ξ
585 745 644 811 26:
675 747 726 828 „in
757 745 864 812 Sicilia
894 746 1085 812 trumentum
1116 745 1242 828 (leres“,
1272 747 1356 828 quod

279 851 408 932 quidem
422 843 487 934 elio.
502 849 754 932 coniungendum
765 852 794 928 ¹)
817 849 878 915 fuit
893 867 962 914 cum
978 849 997 932 ξ
1012 850 1055 915 34
1070 868 1127 932 sq,
1150 849 1203 914 nbi
1227 849 1357 913 inuenta

282 958 471 1035 tractantur,
493 971 576 1037 quae
598 953 640 1020 ad
662 952 888 1034 agriculturam
911 952 1071 1033 pertinent
1092 958 1125 1016 et
1146 970 1227 1033 quae
1250 951 1357 1016 Cereri

280 1054 444 1121 debentur.
488 1056 631 1137 Denique
660 1074 717 1120 eae
745 1055 880 1120 maxime
910 1055 1124 1133 narrationes,
1157 1073 1238 1137 quae
1261 1054 1357 1136 paulo

281 1157 410 1223 uberius
433 1176 470 1223 ac
491 1158 656 1224 uerbosius
671 1157 867 1240 perscriptae
889 1165 972 1236 sunt,
994 1155 1032 1238 ἐξ
1055 1157 1104 1222 18.
1128 1160 1179 1223 27.
1202 1157 1253 1236 36,
1276 1156 1356 1221 adeo

282 1259 476 1326 inconditum
500 1259 626 1326 dicendi
647 1277 747 1342 genus
762 1259 912 1340 produnt,
935 1264 972 1324 ut
994 1257 1097 1324 lacere
1114 1278 1171 1324 non
1188 1259 1357 1340 possimus,

282 1363 355 1445 quin
379 1363 587 1443 deprauatam
610 1381 681 1429 esse
703 1361 886 1426 memoriam
909 1379 1100 1426 censeamus.

368 1466 517 1530 Attamen
540 1465 695 1547 catalogo,
725 1482 817 1546 quem
851 1470 1004 1542 tenemus,
1032 1479 1092 1527 uon
1116 1465 1207 1528 deest
1230 1465 1359 1544 propria

284 1566 415 1633 indoles.
461 1566 497 1630 ld
520 1567 646 1650 quidem
670 1568 754 1633 baud
779 1566 884 1646 magui
899 1566 1146 1644 aestimabimus,
1168 1567 1251 1646 quod
1266 1566 1359 1648 louge

281 1669 434 1751 pleraque
454 1664 640 1756 εὑρημάτων
669 1670 840 1736 eGraecis
865 1669 981 1735 fabulis
1010 1670 1147 1752 repetita
1177 1677 1267 1748 sunt;
1297 1689 1357 1735 non

283 1771 365 1836 eninr
389 1779 507 1838 certum
531 1773 692 1840 consilium
716 1777 900 1855 persecutus
922 1778 981 1851 est,
1012 1772 1068 1854 qui
1089 1771 1266 1854 catalogum
1291 1773 1359 1856 Hy·

282 1873 444 1956 molanum
467 1875 662 1957 conscripsit,
685 1877 767 1941 sicut
789 1874 962 1942 Christiani
984 1874 1031 1938 illi
1052 1873 1204 1954 fecerunt,
1227 1876 1268 1939 de
1290 1875 1359 1956 qui-

283 1977 343 2042 bus
365 1995 462 2058 supra
484 1978 630 2043 disserui.
654 1980 829 2058 Quamnam
846 1996 922 2043 uero
938 1978 979 2042 ad
995 1978 1135 2058 regulam
1152 1996 1189 2043 ac
1205 1980 1360 2044 rationem

283 2081 434 2145 materias
463 2101 502 2146 ex
533 2081 681 2146 uniuersa
711 2081 910 2146 inuenturum
934 2081 1026 2162 copia
1056 2081 1199 2162 elegerit,
1228 2100 1359 2163 prorsus

282 2183 465 2264 ambiguum
497 2188 546 2248 est
575 2189 672 2265 atque
701 2183 877 2249 obscurum.
931 2183 1014 2248 Nam
1047 2184 1131 2248 inter
1161 2185 1360 2250 narrationes

285 2285 434 2366 uulgares
457 2285 605 2366 leguntur
627 2285 734 2366 etiam,
763 2304 845 2368 quae
876 2285 927 2351 uel
949 2286 1111 2351 rarissime
1135 2285 1185 2351 uel
1208 2304 1361 2368 nusquam

283 2393 450 2469 praeterea
472 2395 763 2470 commemorentur,
787 2387 963 2456 cuiusmodi
985 2393 1060 2454 sunt
1088 2389 1127 2472 ἕξ
1152 2391 1245 2455 1-3,
1267 2390 1296 2455 6.
1324 2391 1363 2455 16

284 2491 377 2556 -18,
401 2491 451 2556 36.
474 2491 525 2557 37.
569 2493 605 2556 In
629 2491 701 2556 aliis
722 2496 829 2557 autem
852 2493 1046 2558 beurematis
1068 2493 1100 2556 id
1116 2491 1256 2573 offendit,
1279 2493 1362 2574 quod

285 2611 345 2678 res,
367 2595 513 2676 quamuis
535 2594 623 2676 ipsae
646 2593 677 2659 in
701 2595 815 2660 ceteris
837 2613 961 2676 quoque
984 2594 1137 2675 catalogis
1154 2595 1363 2676 reperiantur,

286 2703 392 2762 tamen
416 2696 634 2764 incentoribus
658 2697 875 2779 adsignantur,
897 2699 951 2782 qui
966 2699 1059 2781 plana
1075 2699 1149 2763 noui
1165 2698 1363 2778 inauditique

286 2800 367 2864 sint:
390 2799 429 2865 ci.
452 2801 471 2883 ξ
494 2802 512 2865 7
535 2819 606 2866 oum
630 2799 709 2866 Plio.
726 2820 754 2866 u.
773 2801 802 2864 b.
824 2800 885 2865 Vll
910 2801 969 2864 197
994 2810 1027 2865 et
1050 2799 1146 2867 clem.
1170 2800 1208 2883 ἓξ
1232 2802 1281 2865 17.
1304 2801 1364 2880 29;

286 2902 368 2983 §22
391 2920 461 2968 cum
485 2903 564 2968 Plin.
587 2902 648 2969 VII
671 2903 733 2968 203
756 2909 789 2968 et
812 2903 909 2969 Clem.
925 2903 963 2986 ἐξ
986 2907 1014 2968 1.
1030 2905 1060 2970 6.
1083 2905 1188 2984 Atque
1204 2902 1244 2968 ab
1260 2904 1363 2970 altera

287 3011 378 3084 parte
400 3006 585 3072 tritissimae
613 3025 663 3072 res
685 3006 886 3086 omittuntur,
915 3007 1005 3072 uelut
1034 3007 1258 3072 desiderantur
1280 3008 1364 3073 inter

288 3107 418 3171 metalla
439 3109 491 3191 (ἐξ
517 3110 634 3188 l—ll)
665 3107 794 3190 ferrum,
823 3110 906 3175 inter
936 3109 1145 3175 iustrumenta
1169 3111 1289 3176 musica
1310 3112 1363 3193 (ξς

288 3208 339 3275 25.
362 3209 402 3274 27
420 3228 467 3291 sq.
497 3211 553 3293 32)
587 3211 684 3291 tibia,
716 3211 799 3277 inter
828 3211 1007 3277 litterarum
1040 3213 1220 3278 inuentores
1253 3213 1286 3295 (ξ
1308 3214 1363 3294 31)

288 3311 470 3391 Phoenices,
492 3313 574 3378 inter
597 3314 770 3379 medicinae
792 3314 973 3380 inuentores
995 3314 1027 3397 (ξ
1044 3315 1084 3379 15
1098 3316 1181 3398 sqq.)
1204 3315 1363 3398 Aegyptii.

375 3415 476 3480 Multo
487 3420 593 3480 autem
605 3417 737 3496 grauius
748 3416 926 3484 habendum
942 3421 991 3483 est
1001 3417 1089 3482 aliud
1100 3419 1270 3500 quoddam.
1288 3418 1363 3483 Ani-

289 3519 519 3584 maduertimus
540 3520 621 3583 enim
644 3519 675 3583 iu
691 3520 710 3602 ς
724 3520 745 3585 2
760 3521 801 3584 ad
817 3521 1011 3601 descriptum
1027 3520 1230 3603 antiquorum
1245 3539 1362 3586 morem

283 3773 285 3778 “
378 3763 407 3839 1)
430 3763 493 3822 Nec
508 3781 579 3822 uero
595 3763 803 3822 secludendum
820 3769 865 3824 est
880 3783 946 3822 cum
961 3763 1132 3836 Schmidtio,
1156 3771 1271 3823 certant
1285 3765 1362 3823 anim

291 3849 327 3907 de
343 3848 597 3992 lllaugassfrumenti
622 3868 639 3907 a
660 3850 767 3910 (lesere
789 3850 904 3909 inuenti
927 3851 1028 3909 Attica
1050 3857 1080 3909 et
1101 3850 1210 3923 Sicilia,
1233 3853 1270 3911 cf.
1288 3851 1365 3909 Pliu.

292 3954 320 3992 n.
366 3978 372 3992 .
484 3940 553 3994 191.

1565 685 1568 774 1

1565 887 1568 968 1

1567 1059 1568 1138 1

1567 1419 1568 1486 1

1567 1603 1568 1664 1

1567 1785 1568 1842 1

1567 1861 1568 1918 1

1566 1965 1568 2012 1

1567 2047 1568 2114 1

1567 2227 1568 2312 1

1567 2326 1568 2367 1

1567 3263 1568 3328 1

1567 4356 1568 4412 1
