3184 4886
676 378 910 449 ..106-

257 549 363 632 capito
376 560 639 619 commemoratos
655 552 891 618 recentissimus
906 551 959 633 sit,
981 556 1100 619 etcum
1118 551 1199 617 nihil
1213 550 1333 618 lrabea-

258 670 339 732 mus,
361 670 417 719 cur
439 652 577 721 Plinium
599 655 668 720 eius
688 655 863 722 sententias
885 655 1062 721 aRomano
1077 654 1183 737 aliquo
1202 659 1334 720 auctore

256 756 448 836 comperisse
469 758 676 840 suspicemur,
699 757 836 824 Plinium
866 757 960 823 huius
982 782 1019 822 π.
1041 751 1106 841 εὕρ.
1127 775 1206 838 opus
1228 757 1332 838 ipsum

255 857 430 940 inspexisse
452 860 651 926 crediderim.
695 860 787 939 Quod
809 861 835 924 si
858 865 944 925 recte
964 859 1233 940 constituerimus,
1255 858 1333 924 Phi-

255 959 435 1042 lostephani
457 961 573 1028 librum
597 960 698 1026 Plinio
719 963 816 1028 otiam
839 964 870 1028 in
886 964 992 1045 priore
1007 964 1071 1028 iarn
1087 963 1223 1043 catalogi
1238 966 1332 1044 parte

256 1064 483 1133 conscribenda
504 1065 575 1130 usui
604 1063 701 1130 luisse
732 1065 929 1130 coniciemus.
974 1064 1076 1146 Saepe
1104 1065 1188 1129 enim
1210 1065 1332 1130 Plinius

255 1166 324 1232 aius
346 1166 546 1248 potissimum
569 1169 718 1247 auctoris,
746 1187 763 1232 e
785 1186 847 1249 quo
869 1167 1007 1250 plurima
1029 1167 1079 1232 uel
1103 1167 1256 1250 ploraque
1278 1168 1332 1232 de·

255 1269 401 1351 sumpsit,
433 1288 544 1336 nomen
575 1270 724 1338 inforiore
752 1272 877 1336 demum
909 1270 1014 1353 aliquo
1042 1270 1111 1335 loco
1138 1270 1332 1336 narrationis

240 1369 409 1438 landcuit

265 1535 268 1542 .
341 1475 522 1554 Quaeram
545 1475 687 1557 itasint,
711 1474 847 1542 Plinium
871 1494 909 1540 cx
930 1473 1099 1556 Stratonis,
1129 1475 1333 1569 Heraclidae,

254 1575 494 1659 Philostephani
536 1603 573 1643 π.
612 1600 678 1661 ευρ.
718 1578 810 1644 libris
848 1577 1000 1661 ploraque
1042 1585 1221 1645 mutuatum
1261 1597 1332 1645 asse

257 1679 407 1746 arbitror.
452 1681 502 1746 Ad
524 1682 649 1747 eosdem
672 1679 775 1748 fontes
798 1681 928 1747 Hesiodi
951 1680 1164 1762 fragmentum
1186 1682 1246 1747 Vll
1271 1682 1332 1747 197

258 1781 433 1848 exhibitum
457 1783 562 1864 relego
579 1781 632 1866 (cf.
648 1802 746 1866 supra
760 1805 791 1868 p.
806 1785 849 1850 29
864 1785 947 1868 sqq.)
971 1802 1072 1865 neque
1086 1785 1150 1850 scio
1165 1804 1205 1850 an
1223 1786 1332 1850 eodem

254 1889 424 1952 reuocandi
454 1889 519 1953 sint
548 1888 641 1953 ambo
674 1889 742 1966 loci,
765 1888 880 1968 quibus
908 1887 1032 1954 Plinius
1064 1889 1333 1971 „Acgyptiorum“

256 1990 447 2056 sententiam
469 1990 607 2073 profert:
638 1990 700 2056 Vll
731 1991 794 2056 194
822 1997 856 2056 et
887 1991 957 2057 196.
1002 1991 1064 2057 Sed
1095 1989 1204 2073 procul
1235 1990 1332 2056 dubio

256 2091 312 2171 eis,
341 2109 424 2172 quae
446 2112 485 2158 ex
505 2092 558 2159 lnis
581 2093 672 2158 libris
695 2094 921 2176 transscripsit,
954 2093 1022 2176 ipse
1051 2112 1090 2160 ex
1119 2111 1178 2158 sua
1199 2092 1334 2160 lectione

252 2193 403 2262 nonnulla
424 2196 559 2262 addidit.
612 2195 709 2262 Cuius
731 2196 816 2262 morli
847 2196 932 2262 locos
953 2213 1071 2279 paucos
1092 2196 1155 2263 iam
1179 2214 1277 2278 supra
1299 2215 1330 2278 p.

253 2296 350 2378 98sq.
360 2303 392 2363 ot
410 2300 467 2366 101
481 2316 528 2382 aq.
544 2300 674 2380 conlegi.
696 2300 860 2366 Accedunt
876 2300 974 2366 etiam
990 2298 1104 2378 eiloci,
1120 2299 1237 2382 quibus
1253 2299 1329 2365 Gel-

255 2399 318 2464 lius
340 2399 499 2466 annalium
523 2403 660 2484 scriptor
689 2402 857 2468 laudatur:
888 2403 949 2467 Vll
974 2403 1044 2468 192.
1070 2403 1141 2469 194.
1165 2402 1330 2469 tetrus

341 2502 430 2569 Haec
458 2501 524 2570 fere
555 2503 662 2583 habui,
691 2523 773 2587 quoe
800 2505 840 2570 de
870 2505 954 2570 Plini
983 2499 1170 2592 εὑρημάτων
1193 2503 1329 2588 catalogi

254 2604 393 2672 fontibus
415 2607 561 2674 dicerem.

612 3145 735 3239 caput
767 3147 959 3219 octauum.

338 3326 504 3408 Indcgare,
526 3331 598 3409 quis
611 3330 689 3412 quid
704 3331 825 3412 primus
841 3330 1009 3411 inuenerit,
1031 3329 1152 3396 animos
1167 3329 1328 3394 hominum

253 3449 379 3512 semper
402 3430 585 3511 delectauit,
616 3432 665 3496 ita
693 3439 729 3497 ut
757 3433 790 3497 in
821 3432 937 3497 litteris
968 3433 1106 3498 omnium
1129 3430 1271 3514 gentium
1294 3436 1328 3497 et

238 3533 355 3599 ”omnis
376 3535 448 3600 aeui
471 3535 510 3598 dc
534 3535 671 3600 inuentis
694 3541 727 3600 ct
748 3534 966 3600 incentoribus
989 3537 1113 3601 narrari
1136 3535 1246 3601 soleat.
1269 3534 1329 3598 At-

253 3656 314 3721 quc
336 3638 420 3704 inter
443 3637 582 3704 Graecos
603 3639 775 3719 scriptores
806 3639 870 3704 iam
899 3638 972 3704 inde
1002 3639 1042 3703 ab
1065 3638 1206 3705 Hesiodo
1228 3655 1328 3718 paene

253 3743 470 3825 unusquisque
492 3735 656 3828 εἱρήματα
678 3743 936 3808 commemorauit
959 3740 1012 3821 (cl.
1034 3759 1132 3824 supro
1153 3761 1184 3822 p.
1200 3741 1220 3804 2
1235 3737 1328 3821 sqq),

252 3843 365 3910 dende
389 3862 473 3924 uero,
504 3862 575 3909 cum
604 3844 646 3910 de
667 3844 809 3925 gentium
840 3843 907 3910 uita
936 3852 970 3909 et
992 3845 1032 3910 dc
1054 3843 1251 3925 singularum
1273 3840 1326 3906 lit-

252 3953 392 4018 terarum
414 3947 537 4037 origine
558 3950 591 4014 et
613 3945 746 4018 historia
769 3951 919 4020 accurata
938 3947 1068 4018 ratione
1097 3948 1216 4040 inquiri
1236 3963 1327 4033 coep·
