3190 4882
663 343 876 409 -23-

233 513 265 577 11
288 533 320 594 p.
344 514 416 594 109,
441 515 497 594 11,
527 534 558 595 p.
580 514 654 594 230,
677 516 711 594 2,
745 513 794 580 ΠΙ
814 533 845 596 p.
869 514 921 596 46,
945 515 1002 592 12,
1033 532 1063 595 p.
1090 514 1160 592 141,
1183 515 1222 593 63
1258 532 1309 578 eo-

230 616 365 696 demque
385 617 490 683 modo
522 624 696 700 usurpatur
725 613 783 680 a‘rri
811 610 956 692 τούτοιςε
986 614 1025 681 ct.
1049 617 1066 680 I
1089 635 1119 696 p.
1142 615 1193 695 29,
1216 616 1255 696 9;
1278 635 1307 696 p.

230 717 282 800 35,
306 720 340 792 1;
363 718 411 782 ΙΙΙ
434 738 464 799 p.
489 721 561 799 148,
583 721 613 786 8.

316 821 432 903 Itaque
453 827 618 888 auctomm
640 819 798 886 indiculus
820 819 971 886 dissecari
993 820 1112 902 nequit,
1142 820 1199 885 sed
1222 825 1310 884 totus

231 924 381 1005 primario
405 923 576 989 Clementis
596 923 675 988 fonti
705 923 903 988 addicendus
926 929 983 987 est.
1028 925 1134 1005 Atque
1156 919 1308 1001 alphabe-

231 1027 293 1092 tico
323 1026 523 1091 inuentorum
547 1025 721 1092 enchiridio
750 1024 869 1107 optime
898 1026 1054 1106 conuenit,
1086 1025 1203 1107 quippe
1224 1026 1309 1107 quod

231 1148 248 1193 e
272 1129 485 1209 compluribus
507 1152 543 1192 π.
566 1123 631 1213 εὕρ.
654 1127 744 1194 libris
767 1132 933 1193 consutum
957 1146 1025 1192 esse
1048 1127 1226 1194 necessario
1242 1133 1273 1191 st
1295 1163 1308 1173 -

232 1232 385 1296 tuendum
417 1232 469 1298 sit.
515 1231 650 1310 Quando
684 1237 792 1296 autem
826 1230 885 1295 hoc
919 1231 1131 1312 conscriptum
1165 1230 1217 1310 sit,
1248 1230 1310 1294 etsi

227 1334 397 1413 nescimus,
419 1342 525 1398 tamen
547 1352 606 1416 pro
626 1340 713 1400 certo
728 1332 826 1398 ferme
842 1333 1030 1398 contendere
1044 1333 1118 1399 licet
1132 1351 1195 1398 non
1209 1331 1310 1396 multo

229 1443 304 1502 ante
327 1436 400 1503 Ohr.
424 1457 453 1501 n.
477 1435 596 1504 lactum
619 1454 697 1502 esse.
743 1436 831 1500 Ordo
849 1436 932 1500 enim
948 1434 1177 1516 alphabeticus,
1201 1434 1308 1516 utqui

229 1541 268 1605 ab
292 1540 471 1621 argumenti
495 1546 610 1604 natura
632 1557 763 1621 prorsus
785 1537 955 1610 abhorreat
977 1544 1076 1620 atquc
1098 1558 1169 1606 cum
1185 1537 1309 1602 ratione

232 1642 439 1724 doctrinaque
460 1642 647 1724 discrepans
670 1660 706 1705 eo
729 1646 853 1706 tanturn
876 1647 1008 1723 spectet,
1030 1648 1067 1707 ut
1087 1641 1251 1706 materiem
1266 1640 1308 1704 ad

190 1791 193 1798 .
231 1744 318 1826 uulgi
342 1751 471 1825 captum
487 1762 640 1826 usumque
656 1745 771 1808 reddat
786 1742 984 1825 habiliorem,
1007 1752 1097 1810 ortus
1113 1762 1183 1809 esse
1198 1743 1308 1825 nequit

229 1852 304 1912 ante
325 1846 405 1910 illud
428 1845 605 1928 tempus1)‚
635 1865 697 1927 quo
720 1852 855 1912 ueteres
877 1865 896 1908 a
918 1864 994 1910 uero
1016 1845 1179 1911 doctrinae
1200 1845 1308 1910 studio

228 1947 431 2014 deflectentes
453 1954 554 2014 totam
586 1949 776 2013 industriam
807 1948 840 2012 in
869 1967 907 2014 ea
930 1967 964 2014 re
987 1965 1102 2029 ponere
1125 1955 1306 2028 coeperunt,

227 2058 264 2115 ut
279 2050 446 2116 thesauros
463 2051 651 2116 eruditionis
667 2051 851 2116 uetustioris
866 2049 1074 2132 compilarant
1089 2055 1306 2131 excerperent-

227 2172 288 2237 que
311 2159 407 2235 atquc
429 2153 536 2235 ampla
559 2154 700 2220 uirorum
723 2154 887 2218 doctorum
911 2153 1072 2218 uolumina
1089 2153 1120 2218 in
1137 2153 1304 2234 angustius

228 2262 420 2322 coartarent.

318 2358 378 2424 His
399 2358 492 2424 iactis
514 2356 738 2436 fundamentis,
761 2359 947 2439 priusquam
970 2360 1010 2422 de
1032 2358 1147 2425 ceteris
1169 2357 1307 2440 catalogi

233 2461 420 2527 Clementini
451 2458 591 2526 fontibus
625 2462 835 2538 disseramus,
868 2461 993 2543 singula
1024 2480 1104 2542 quae
1137 2467 1308 2526 narrantur

227 2565 415 2630 heuremata
436 2564 723 2646 perscrutemur).

315 2807 344 2883 1)
367 2807 590 2866 Bibliothecarii
611 2813 719 2882 tamem
749 2808 833 2868 uelut
861 2807 892 2865 in
921 2808 1128 2866 enumerandis
1150 2812 1302 2866 auctorum

229 2895 376 2971 operibus,
405 2894 464 2952 iam
494 2893 757 2953 Gallimaoheorum
786 2895 969 2970 temporibus
992 2895 1095 2952 ordine
1117 2893 1303 2969 alphabetico

226 2982 270 3038 usi
294 2986 370 3039 sunt.

311 3066 344 3141 2)
366 3065 493 3140 Vigerus
514 3066 552 3144 ad
568 3065 677 3124 Euseb.
693 3083 794 3141 praep.
810 3082 914 3138 euang.
930 3065 962 3121 X
984 3084 1013 3140 p.
1030 3060 1106 3121 4759
1134 3063 1193 3140 (ed.
1209 3063 1301 3123 Paris.

226 3172 250 3209 a.
280 3153 371 3227 1628)
402 3150 573 3210 adnotauit:
607 3151 739 3222 „Fronto
761 3151 869 3209 Noster
892 3142 909 3207 o‘
931 3149 1096 3225 μακαρίτης
1118 3149 1301 3208 dissimulato

225 3238 345 3296 nomine
367 3238 464 3295 locum
487 3235 570 3295 illurn
593 3235 754 3300 Clementis
783 3235 869 3310 (dicit
889 3235 1067 3310 catalogum)
1090 3235 1205 3294 erudite
1234 3236 1301 3294 illu-

225 3324 361 3382 strauit.“
405 3323 517 3381 Fronto
539 3323 675 3381 Duaaeus
690 3327 788 3380 autem
815 3317 1030 3385 Omleclanea
1051 3319 1087 3382 bt
1113 3315 1302 3384 Clementem
1370 3369 1371 3372 ,

224 3406 277 3471 Al.
309 3409 418 3480 edidit;
448 3414 601 3484 praeterea
629 3405 783 3466 Fabricius
812 3403 898 3470 Btbl.
934 3404 991 3471 Gr.
1016 3408 1076 3464 VII
1103 3407 1160 3482 (ed.
1186 3407 1300 3466 Harles.

229 3495 322 3569 1801)
345 3513 373 3569 p.
394 3498 451 3553 128
474 3494 566 3552 refert
588 3493 747 3552 editionem
764 3492 927 3552 clementis
942 3493 1106 3552 Parisinam
1130 3495 1199 3550 anni
1219 3497 1298 3550 1629

224 3581 399 3638 instructam
422 3599 486 3638 essa
515 3579 594 3638 notis
623 3579 782 3638 Frontonis
805 3580 926 3638 Ducaoi.
971 3579 1082 3638 Tamen
1114 3597 1179 3636 cum
1202 3597 1299 3656 neque

224 3663 275 3723 ille
294 3666 454 3724 Frontonis
476 3663 594 3724 libellus
615 3684 713 3744 neque
734 3665 807 3723 haec
822 3665 983 3724 Clementis
998 3664 1088 3722 editio
1105 3663 1137 3721 in
1151 3663 1299 3722 thesamis

225 3752 423 3810 bibliothecae
439 3752 519 3809 acad.
531 3749 695 3824 Lipsiensis
712 3756 854 3822 seruatur,
871 3749 1111 3810 commentarium
1128 3749 1298 3819 Frontonis,

223 3837 261 3895 ad
283 3857 371 3917 quem
394 3837 521 3911 Vigerus
542 3835 667 3894 lectores
689 3835 848 3911 ablegauit,
868 3837 900 3894 in
921 3856 1007 3895 usum
1029 3841 1202 3894 conuertere
1224 3833 1297 3892 mihi

183 3949 187 3960 ·
224 3943 283 3986 non
306 3922 399 3984 licuit.
444 3923 506 3981 Nec
520 3939 592 3981 uero
607 3921 695 3983 nimis
712 3921 805 3995 doleo,
821 3923 900 4005 quod
922 3921 984 3994 illo,
1002 3921 1216 4004 qualecumque
1230 3919 1297 4000 fuit,
