3184 4886
696 369 910 435 -63-

264 538 478 604 instrumenta
499 538 652 620 pleraque
667 535 763 618 lente,
786 556 825 603 ex
840 556 901 620 555
915 537 1086 617 hausisset,
1107 556 1171 612 non,
1183 539 1345 620 patefacto

265 659 303 705 ex
324 637 541 705 heurematicu
564 638 738 705 Clementis
760 640 1005 707 armamentario
1020 647 1184 706 mutuatus
1199 646 1258 706 est.
1281 641 1344 710 Sed

264 759 335 807 cum
358 743 527 808 molestum
558 742 601 806 sit
630 759 682 806 res
703 742 790 825 ipsas
813 761 991 824 recoquere,
1023 761 1170 809 numeros
1191 762 1344 826 paragra-

263 845 397 927 phorum
436 843 702 911 Clementinarum
743 864 907 912 recensere
940 852 973 910 et
1005 845 1073 911 sola
1104 851 1217 911 notatu
1246 846 1344 928 digna

265 946 495 1014 transscribere
516 947 596 1012 satis
618 947 729 1014 habeo.

348 1049 517 1132 Excerpsit
538 1049 636 1131 igitur
652 1049 748 1117 haec:
771 1070 801 1132 p.
818 1049 897 1130 553,
920 1051 939 1117 l.
950 1051 1070 1134 24555.
1090 1070 1128 1117 ex
1145 1051 1241 1118 clem.
1258 1050 1296 1133 ἕξ
1312 1051 1342 1130 5,

263 1156 294 1236 6,
318 1154 347 1232 7,
372 1157 421 1235 10,
445 1153 500 1233 14;
535 1189 575 1198 -
602 1153 623 1218 l.
646 1153 687 1218 28
724 1149 958 1240 »φυσιολογίαν
982 1145 1300 1235 5315515555)
1324 1146 1343 1217 5

262 1251 435 1338 Πιρίθουκ
468 1274 507 1321 ex
529 1254 625 1321 clem.
648 1256 740 1338 §503
763 1256 783 1321 1.
800 1255 842 1320 29
870 1253 1117 1342 ,γραμματικὴν
1139 1249 1158 1320 ὃ
1180 1253 1343 1339 Μύκηθεν

263 1359 338 1441 (515)
356 1350 634 1443 Ἀπολλόδωροςιι
664 1377 703 1423 ex
726 1357 823 1425 clem.
855 1358 955 1440 §663
986 1363 1136 1423 secuntur
1162 1376 1193 1438 p.
1216 1354 1290 1438 553,
1321 1356 1342 1420 l

262 1461 390 1528 29-33
422 1478 525 1542 pauca
561 1461 600 1526 de
637 1460 895 1543 philosophorum
933 1459 1112 1526 scholarum
1148 1458 1343 1538 auctoribus,

263 1582 354 1645 quae,
385 1563 445 1628 uisi
468 1563 550 1629 forte
572 1564 757 1628 tritissimas
785 1562 844 1628 has
872 1582 923 1628 res
952 1564 1105 1629 memoria
1136 1563 1275 1642 tenebat,
1303 1579 1343 1626 ex

264 1668 375 1732 eodem
391 1666 487 1734 Clem.
510 1665 590 1731 libro
605 1669 770 1733 desumere
792 1668 822 1732 ai
846 1668 952 1733 licuit:
975 1675 1084 1731 strom.
1100 1668 1116 1732 I
1134 1668 1183 1747 14,
1206 1664 1341 1731 62-64

349 1770 480 1848 Deinde,
502 1777 669 1851 postquam
685 1768 915 1851 aliquantulum
933 1775 1070 1852 nugatus
1087 1776 1146 1850 est,
1170 1769 1220 1834 his
1236 1768 1342 1833 uerbis

262 1874 303 1939 ad
327 1870 515 1938 heuremata
536 1871 638 1936 redit:
661 1891 692 1953 p.
708 1869 792 1953 554,
815 1872 857 1936 32
879 1871 1039 1953 „limata
1061 1869 1123 1954 μὲν
1145 1869 1203 1934 καὶ
1224 1865 1244 1958 ἡ
1262 1877 1342 1958 Τυρ·

263 1974 365 2062 ρηνιῖν
385 1974 527 2057 γλῶσσα,
549 1971 606 2060 τὴν
629 1969 795 2057 σάλπιγγα
827 1969 969 2057 πρώτως
992 1967 1228 2060 ἐπινοήσασαίί,
1258 1992 1341 2055 quae

262 2079 291 2144 ei
313 2078 569 2143 subministrauit
593 2076 688 2143 Olem.
712 2077 731 2160 ξ
756 2077 805 2142 11.
849 2076 916 2143 Nec
945 2076 1235 2158 praetermittenda
1256 2083 1342 2154 sunt,
1377 2071 1380 2080 '

261 2198 342 2262 quae
373 2179 425 2246 his
456 2180 614 2261 adnectit,
651 2198 720 2244 cunr
754 2179 800 2245 eis
835 2178 1084 2245 luculentissime
1123 2177 1341 2260 compilaturis

261 2281 462 2362 neglegentia
476 2281 670 2347 illustretur:
692 2278 795 2368 ,καλὴ
809 2279 857 2362 δὲ,
879 2283 936 2360 ait,
957 2280 1013 2346 καὶ
1028 2275 1047 2370 ἡ
1067 2283 1203 2365 Φρυγῶν
1217 2302 1340 2365 rapacu-

261 2381 387 2473 λήσασα
409 2384 522 2467 (clem.
538 2386 556 2468 ξ
573 2385 637 2468 12),
660 2378 680 2471 ἥ
701 2407 736 2449 τε
755 2376 941 2472 Ἀσσυρίων
964 2381 1159 2470 ἐξευραμένη
1180 2381 1218 2450 τὸ
1234 2379 1341 2465 δίχορ-

261 2490 318 2556 δον
348 2492 380 2574 (ξ
403 2490 470 2573 26),
500 2487 557 2554 καὶ
586 2484 605 2576 ἡ
634 2487 761 2554 Μυσῶν
790 2487 846 2574 τὴν
869 2483 999 2554 Λύδιον
1029 2483 1188 2573 ἁρμονίαν
1217 2487 1251 2570 (ἓ
1273 2486 1341 2567 32),

260 2592 318 2659 καὶ
339 2591 396 2681 τὴν
417 2588 582 2680 φόρμιγγα
612 2585 632 2678 ι)
656 2587 808 2679 Σικελική
830 2591 862 2675 (ξ
884 2593 950 2675 46),
982 2588 1040 2655 καὶ
1068 2588 1125 2678 τὴν
1154 2580 1342 2674 κιθάρανὴ

263 2691 413 2782 Μιλησία
428 2733 471 2743 -
492 2696 604 2776 (61551,
628 2696 646 2778 ξ
668 2694 710 2760 58
733 2694 879 2761 exhibet:
910 2689 1049 2779 ,νόμους
1063 2716 1099 2758 σε
1115 2691 1247 2780 πριῖτος
1261 2681 1339 2778 γ’)σιν

261 2796 295 2864 ἐν
323 2800 409 2886 χοριῖ
438 2796 495 2863 καὶ
522 2791 651 2884 κιθάρᾳ
676 2793 841 2880 Τιμόθεος
873 2792 887 2862 ἱ
921 2791 1190 2880 1554555)-
1218 2789 1342 2877 ἵναμὴ

259 2900 316 2967 τὸν
335 2896 531 2988 Στησιχόρου
545 2893 645 2985 ίμνον
668 2902 701 2984 (ξ
716 2901 785 2984 54),
805 2897 861 2965 καὶ
883 2898 940 2988 τὴν
956 2893 1118 2986 Ἱμεραίου
1130 2890 1268 2981 χορείαν,
1284 2890 1340 2957 καί

259 3003 317 3093 τὴν
337 2999 518 3090 ὑπόρχησιν
535 2996 769 3086 Ἀνακρέοντος
799 3005 846 3088 τῷ
877 2998 962 3086 λόγῳ
985 3001 1248 3084 παρεισκυκλῶ.“
1292 3001 1340 3066 Ex

259 3108 312 3173 bis
334 3109 406 3188 duo,
435 3125 517 3188 5555
547 3115 707 3189 postremo
734 3106 802 3172 luco
831 3107 1044 3190 nominantur,
1073 3107 1204 3173 inuenta
1233 3104 1340 3174 uerbis

260 3209 434 3276 clementis
464 3209 603 3276 confusis
632 3207 776 3291 falsoque
805 3209 1017 3290 interpunctis
1050 3210 1120 3291 ipse
1142 3207 1244 3292 finxit,
1266 3227 1340 3274 nam

259 3313 313 3379 ille
335 3313 414 3379 haec
436 3313 564 3380 scribit:
594 3314 632 3397 ἓξ
654 3311 699 3378 54
712 3331 780 3395 sqq.
803 3304 923 3396 „i'pvov
947 3308 1148 3398 Στησίχορος
1165 3306 1338 3397 Ἱμεραῖος,

259 3454 302 3464 -
321 3412 451 3504 χορείαν
468 3409 619 3500 Ἀλκμοὶν
633 3410 918 3498 Λακεδαιμόνιος,
933 3412 974 3480 aci
991 3411 1131 3503 ἐρωτικοί
1152 3407 1339 3500 Ἀνακρέων

263 3514 371 3606 Τήϊος,
385 3557 428 3566 -
443 3513 622 3606 ὕνιόρχησιν
644 3514 812 3602 Πίνδαρος
830 3519 985 3603 Θηβαῖος,
1002 3522 1076 3582 -.“
1098 3517 1242 3600 Denique
1257 3534 1339 3598 5555

259 3640 322 3686 555
343 3622 443 3687 multo
465 3628 540 3702 post
561 3621 672 3687 addit:
699 3641 730 3703 p.
754 3619 840 3704 555,
863 3622 905 3686 10
919 3639 988 3704 555.
1011 3613 1170 3707 ,ἆρίθμει
1192 3616 1267 3695 acic
1283 3609 1337 3682 55

259 3723 336 3802 λούς
360 3716 528 3808 Ὀλίμπου
557 3719 614 3786 καὶ
645 3722 815 3808 Τιμοθέου
843 3721 900 3788 καὶ
924 3716 1087 3808 Ἀρίωνος
1115 3720 1173 3810 τὴν
1194 3715 1340 3804 κιθάραν

258 3825 316 3894 καὶ
337 3825 394 3906 τίν
410 3819 575 3913 Μαρσύου
596 3822 812 3912 μιξοφρίγιον
826 3821 988 3911 ἁρμονίαν
1003 3823 1061 3890 καὶ
1075 3823 1132 3912 τὴν
1150 3817 1340 3911 Θαμίριὸος

259 3928 411 4019 Δώριονι
441 3931 611 4011 desumpta
640 3935 714 3994 sunt
746 3949 764 3994 e
793 3929 967 3995 Clementis
998 3930 1037 4012 ξς
1060 3930 1110 4008 12,
1132 3926 1184 4009 58,
1206 3927 1257 4007 39,
1280 3927 1338 4005 41;
