3190 4882
684 346 895 413 ,39-

246 531 315 596 que
335 514 405 579 iure
427 532 498 580 meo
527 517 639 597 Amyci
669 534 795 598 quoque
823 517 988 585 inuentum
1016 519 1119 586 eidem
1149 520 1244 586 classi
1272 522 1331 587 ed-

155 671 160 679 .
253 617 418 700 scripsisse
441 616 520 684 mihi
541 618 660 685 uideor.
683 655 725 666 -—

341 721 360 802 ξ
382 720 425 786 32
447 717 549 803 ,,περί
563 744 598 786 te
612 720 770 810 μουσικὴν
782 717 954 808 Ὄλυμπος
970 719 988 789 ὁ
1003 721 1115 802 Μυσὸς
1128 722 1186 812 τὴν
1201 720 1333 792 Λύδιον

248 816 413 908 ἁρμονίαν
441 821 716 910 ἑφιλοτίχνησον.“
747 827 839 892 Hnnn
869 826 967 894 fnisse
997 827 1178 893 Aristoxeni
1205 835 1338 895 nentem.

254 925 331 990 tiam
353 924 439 990 Plut.
460 928 500 991 de
523 945 602 992 mus.
627 928 676 1008 15,
705 928 726 993 3
757 929 859 1008 decet,
890 946 1072 1012 quenquam
1101 934 1249 996 accurate
1271 949 1332 995 uon

251 1028 412 1107 distinxit,
435 1037 601 1111 quemnam
619 1029 801 1112 Olympum,
817 1032 972 1097 seniorem
989 1051 1029 1098 en
1045 1031 1209 1114 iuniorem,
1231 1032 1332 1115 Phry·

248 1148 324 1212 gem
347 1149 389 1197 un
411 1132 546 1214 Mysum,
569 1132 623 1198 ille
645 1133 678 1199 in
701 1140 807 1199 mente
827 1134 986 1201 hebuerit.
1008 1169 1050 1182 -

339 1234 358 1316 ξ
381 1234 424 1300 33
446 1234 503 1314 „ot'
523 1257 557 1298 τε
578 1231 804 1320 Τρωγλοδύται
827 1232 1021 1321 καλούμενοι
1043 1232 1211 1323 σαμβύκην
1232 1225 1332 1323 εὗρον,

247 1327 390 1419 λίρμανον
420 1333 607 1420 μουοικόν.“
653 1339 792 1421 Euphor.
823 1359 873 1422 up.
899 1339 1013 1404 Athen.
1037 1339 1114 1406 XIV
1134 1359 1165 1422 p.
1188 1340 1268 1407 633¹
1292 1341 1333 1406 de

253 1438 421 1505 sambuce:
451 1443 617 1528 ,,χρῆσθαι
647 1434 734 1528 αὐτῷ
756 1442 918 1527 Πάρθους
947 1438 1004 1507 καί
1029 1441 1262 1529 Τρωγλοδύτας
1282 1465 1332 1507 τι·

247 1537 420 1628 πραχόρόῳ
443 1536 548 1625 ὄντας
572 1545 712 1611 Aristox.
734 1565 785 1628 ap.
808 1546 924 1613 Athen.
947 1545 994 1612 IV
1015 1566 1046 1628 p.
1071 1546 1149 1612 182‘
1170 1555 1202 1611 et
1225 1543 1332 1612 Strub.

254 1645 285 1710 X
306 1645 337 1725 3,
362 1647 400 1711 17
424 1665 493 1711 eum
514 1647 601 1716 inter
623 1645 761 1714 barbare
783 1647 996 1716 iustrumenta
1018 1654 1195 1716 numerant
1210 1685 1254 1694 -

344 1749 429 1832 §34
457 1747 560 1835 ,μμασί
593 1748 630 1814 δὲ
664 1747 721 1815 καί
758 1748 816 1836 τὴν
849 1745 993 1834 πλαγίαν
1027 1746 1160 1836 σύριγγα
1189 1749 1333 1836 Σάτυρον

247 1845 360 1938 εὑρεῖν
379 1848 436 1914 τὸν
463 1846 603 1938 Φρίγα.“
648 1853 751 1919 Unum
776 1855 982 1920 testimonum
1005 1860 1110 1920 exstat
1131 1855 1163 1920 in
1188 1853 1332 1920 Orumeri

256 1955 316 2018 Au.
339 1955 397 2021 Ox.
421 1954 467 2020 1v
487 1973 518 2036 p.
540 1955 614 2036 400,
643 1956 696 2021 ubi
728 1955 814 2021 iuter
844 1955 909 2021 elis
931 1956 1149 2024 heuremetioe
1171 1953 1226 2037 (ci.
1248 1953 1332 2021 infre

254 2075 324 2140 esp.
346 2057 440 2142 VIII)
463 2058 516 2123 hie
539 2059 680 2123 traditur
702 2059 867 2140 catalogus
894 2059 936 2124 ad
958 2067 1059 2124 artem
1082 2059 1235 2125 musicem
1257 2074 1332 2139 per·

254 2160 376 2225 tinent:
400 2162 462 2242 „10
477 2157 649 2247 Μουσικὴν
671 2157 727 2224 καί
751 2161 788 2226 11
814 2157 968 2226 παιδείαν
992 2163 1144 2226 Μοῦσαι·
1169 2161 1209 2226 12
1232 2155 1332 2248 λύραν

248 2260 310 2327 καί
334 2263 373 2328 13
389 2257 523 2347 σύριγγα
538 2258 774 2348 πολυκάλαμον
782 2258 915 2350 Ἑρμῆς’
942 2263 981 2328 14
995 2258 1129 2350 σίριγγα
1145 2258 1289 2346 πλαγίαν
1301 2263 1332 2345 ¹)

252 2361 400 2453 Σάτυρος
426 2361 530 2449 Φρύξ·
562 2367 602 2432 15
624 2359 741 2442 αὐλοίς
767 2359 915 2452 Ἀθηνᾶ·
948 2367 987 2434 16
1015 2362 1184 2453 τρίχορδον
1212 2363 1267 2431 καὶ
1292 2367 1331 2432 17

255 2466 314 2556 τὴν
336 2464 532 2552 ἐναρμονίαν
547 2470 591 2553 (λ)
611 2462 741 2554 Ὕαγνις
767 2465 873 2555 Φρύξ·
907 2471 945 2536 18
973 2465 1141 2556 κρούματα
1160 2463 1334 2553 ’Όλομπος

255 2567 392 2648 Μοοός·
418 2573 458 2639 19
481 2564 566 2659 ᾠδὴν
586 2570 672 2656 πρὸς
692 2568 837 2657 κιθάραν
852 2575 978 2650 Λίνος·
1002 2573 1044 2638 20
1066 2566 1185 2657 ίίμνοος
1201 2573 1333 2656 πρῶτος

255 2671 452 2761 Στησίχορος
467 2669 660 2759 Ἶμεραῖος.“
706 2678 751 2741 Ae
781 2675 960 2741 mirandum
990 2676 1117 2758 quidem
1149 2675 1332 2740 inmotum

253 2777 315 2843 hoe
335 2777 507 2843 fmstuium
531 2795 601 2845 cum
633 2797 672 2844 ee
693 2777 881 2845 Clementiui
910 2777 1049 2858 catalogi
1079 2775 1238 2860 particule
1259 2793 1333 2841 cou-

254 2879 363 2959 sentit,
386 2897 450 2962 qus
471 2872 535 2967 ιίρ.
558 2883 598 2947 de
628 2900 689 2965 quo
719 2881 843 2962 agimus
873 2882 1055 2949 continetur
1075 2886 1109 2946 et
1130 2897 1225 2961 quam
1247 2878 1280 2944 iu
1302 2880 1332 2942 A

248 2981 474 3063 eorpuseulum
490 3001 560 3050 esse
575 2985 732 3050 Intrusem
748 3002 847 3066 supra
861 2982 1082 3050 iuteIIexImus.
1115 2983 1233 3047 Omnes
1248 2982 1332 3048 enim

249 3083 450 3151 Crumerieni
480 3086 594 3152 indieIs
623 3089 806 3152 inuenturos
836 3086 966 3152 barbari
999 3086 1052 3169 (ἓξ
1076 3085 1125 3151 rt
1150 3084 1191 3150 16
1205 3102 1253 3168 sq.
1277 3085 1333 3166 18)

253 3187 363 3252 eodem
397 3188 507 3254 ordine
541 3188 602 3255 hoe
623 3187 811 3254 clementini
843 3187 983 3270 catalogi
1012 3186 1081 3254 loeo
1115 3185 1168 3271 (ξς
1190 3186 1333 3269 34-37)

255 3295 475 3370 tenementum
506 3295 675 3373 praeterea
706 3297 882 3356 extremum
911 3283 1091 3378 1111ιιοείρ.
1126 3290 1212 3373 apud
1236 3289 1332 3356 Olem.

254 3391 287 3458 iu
302 3391 404 3459 ultera
419 3395 535 3477 eapitis
549 3401 643 3477 perte
658 3394 791 3476 legitur:
813 3395 832 3476 ξ
846 3395 897 3461 54.
914 3393 1083 3461 Putuueris
1098 3393 1197 3478 igitur
1210 3397 1332 3458 utrem·

249 3512 316 3576 que
338 3497 521 3562 memoriam
546 3497 651 3562 redire
673 3498 716 3562 ed
731 3498 866 3564 eundem
888 3504 1059 3578 auctorem,
1083 3504 1189 3562 temen
1206 3498 1332 3561 exstent

252 3598 490 3681 discrepantiae
511 3599 668 3681 quaedum
690 3599 874 3682 scrupulum
896 3604 1070 3680 mouentes,
1094 3601 1134 3664 de
1155 3597 1271 3681 quibus
1289 3595 1333 3662 ud

249 3701 293 3785 ἓξ
316 3721 346 3784 q.
370 3719 395 3767 s.
417 3721 557 3784 agemus
580 3738 622 3749 —

344 3914 373 3990 1)
397 3911 520 3971 correxi
542 3931 597 3988 pro
620 3910 768 3971 πλοιείαν.
