3190 4882
656 465 867 531 ,(9.-

223 634 241 714 5
258 633 300 696 25
315 627 562 714 (Καππάδοκες
577 671 618 679 -
634 629 769 717 νάβλαν)
791 634 957 702 coniuncte
972 640 1030 716 est,
1053 643 1178 703 ceterae
1193 643 1299 703 autem

223 746 313 801 extra
335 755 458 800 omnem
482 738 625 802 ordinem
648 739 820 817 adspersae
842 739 968 821 suntl).

144 832 148 838 '
309 840 474 904 Accedunt
495 839 558 904 alia
579 839 705 918 indicia,
727 840 844 919 quibus
866 841 1045 924 catalogum
1069 841 1299 907 clementinum

224 959 293 1006 esse
315 941 440 1006 cinnum
472 959 489 1006 θ
512 942 634 1007 duobus
665 942 827 1006 minimum
858 941 998 1009 fontibus
1020 942 1189 1010 condatum
1212 945 1299 1011 lucu·

224 1043 400 1109 lentissime
421 1045 654 1126 comprobatur.

311 1147 430 1211 Ordine
459 1147 660 1229 alphabetico
688 1166 758 1213 cum
781 1142 915 1234 εὑρετῶν
936 1150 1030 1214 modo
1053 1149 1177 1215 nomina
1201 1151 1298 1232 respi-

224 1248 359 1330 ciantur,
382 1269 433 1315 res
455 1255 642 1332 argumento
664 1251 850 1316 coniunctae
872 1252 966 1333 plane
981 1252 1184 1318 dirimuntur.
1232 1253 1299 1318 Ma-

224 1353 324 1418 teriae
354 1354 436 1417 enim
470 1353 720 1436 similitudine²l
751 1359 904 1435 cognatae
933 1362 1022 1419 sunt:
1053 1356 1211 1437 5516θῖ
1240 1356 1299 1436 30;

224 1456 262 1538 55
285 1456 326 1521 29
349 1463 381 1520 θῖ
406 1457 462 1535 17;
487 1456 525 1537 55
550 1457 600 1532 15,
621 1456 673 1535 45,
695 1457 746 1521 27.
791 1454 841 1520 Ab
872 1457 975 1522 altera
1004 1467 1109 1522 autem
1132 1466 1227 1539 parte
1250 1476 1300 1522 res

223 1560 307 1624 iuter
321 1577 354 1624 se
367 1558 598 1623 dissimillimas
613 1559 672 1624 sub
688 1551 816 1644 εὑρετοῦ
834 1559 957 1624 nomine
973 1559 1299 1640 comprehenduntur:

224 1663 263 1745 55
287 1661 387 1742 1-5;
412 1663 526 1742 18sq.;
549 1663 687 1728 42-44.

311 1765 433 1830 Deinde
461 1766 572 1829 eadem
601 1758 737 1850 θῦρετιῖν
767 1765 894 1829 nomina
925 1765 1060 1830 diuersis
1091 1767 1301 1832 consarcinati

224 1868 362 1948 catalogi
392 1867 469 1932 locis
502 1867 665 1932 iterantur.
721 1866 861 1933 Cadmi
895 1867 977 1930 enim
1009 1885 1118 1932 nomen
1154 1868 1184 1932 iu
1218 1870 1300 1934 serie

224 1970 425 2051 alphabetica
447 1987 536 2034 suum
560 1970 657 2034 habet
679 1969 780 2035 locum
805 1969 1092 2052 §23sq.‚1egitu1·
1114 1978 1220 2034 autem
1236 1971 1299 2035 iam

223 2073 253 2136 in
286 2072 389 2154 primo
418 2072 553 2139 embolin
589 2073 688 2154 §133
717 2073 916 2154 Olympus
952 2091 1022 2138 eum
1046 2090 1110 2138 ‘suo
1141 2073 1210 2137 leco
1245 2093 1294 2137 re-

225 2181 393 2240 censeatur
422 2176 440 2257 §
471 2176 530 2257 32,
571 2173 653 2240 inira
684 2176 821 2242 occurrit
849 2176 879 2239 in
911 2175 1044 2240 embolin
1073 2177 1115 2238 ad
1147 2177 1298 2241 musicam

224 2278 395 2357 pertinent·
426 2279 445 2362 5
471 2280 522 2356 37,
546 2285 578 2344 θῖ
600 2296 697 2360 snpra
718 2297 788 2344 cum
813 2277 978 2360 Marsya
1001 2279 1185 2344 coniunctus
1207 2279 1299 2359 §123

226 2379 278 2443 hic
299 2389 403 2445 autem
426 2381 543 2446 iterum
567 2381 585 2463 §
608 2381 650 2447 38
665 2399 733 2463 sqq.
755 2381 951 2462 producitur.

313 2483 392 2546 Tum
415 2482 548 2548 fontium
572 2484 743 2549 diuersitas
766 2503 804 2549 ea
826 2501 950 2566 quoque
972 2503 1006 2549 re
1029 2484 1184 2565 proditur,
1217 2487 1300 2566 quod

226 2587 428 2668 Olympus
457 2587 488 2650 in
518 2585 662 2666 catalogo
692 2585 892 2668 alphabetico
923 2587 1033 2667 Mysus
1056 2589 1090 2668 (5
1112 2587 1168 2669 32)
1199 2588 1300 2667 audit,

229 2689 260 2754 in
283 2688 428 2752 emboliis
450 2695 556 2752 autem
581 2689 634 2770 (55
660 2689 699 2754 12
715 2696 747 2753 θῖ
769 2689 826 2772 37)
847 2687 954 2770 Phryx
976 2687 1029 2768 (cf.
1046 2707 1127 2770 quae
1149 2692 1300 2755 adnotaui

227 2792 404 2873 ad'lat.§
429 2791 493 2873 13).

312 2893 440 2960 Certum
456 2894 619 2975 igiturest
634 2894 823 2960 Clementem
840 2895 989 2960 maiorem
1006 2895 1158 2961 materiae
1174 2899 1299 2976 partem

225 3018 243 3064 θ
267 2998 459 3064 coniectione
482 2998 619 3078 quadam
643 2997 852 3077 inuentorum,
875 3014 937 3077 qua
958 2991 1093 3082 εὑρετῶν
1116 2998 1241 3062 nomina
1256 3000 1299 3064 nd

224 3102 404 3166 litterarum
429 3101 570 3166 ordinem
593 3099 748 3181 disposita
772 3106 872 3178 erant,
894 3104 1072 3164 mutuatum
1105 3119 1166 3165 non
1196 3119 1299 3182 pauca

225 3223 264 3268 ex
294 3223 356 3268 uno
389 3204 439 3268 uel
478 3203 691 3284 compluribus
725 3203 797 3268 aliis
829 3201 969 3267 lontibus
999 3203 1102 3284 petita
1135 3205 1298 3270 adiecisse.

225 3306 469 3389 hlphabeticum
508 3313 614 3369 autem
648 3303 766 3396 fontem
803 3304 971 3370 breuitatis
1006 3323 1101 3370 causa
1142 3307 1171 3370 A
1205 3307 1298 3372 titulo

223 3419 333 3476 notare
355 3409 446 3474 nohis
467 3408 572 3473 liceat.

224 3533 427 3543 ..-.....-——-

314 3601 345 3678 l)
368 3601 456 3659 Dicat
494 3601 640 3680 quispiam
671 3598 688 3680 5
720 3606 756 3659 21
792 3593 953 3675 πλαστικήν
982 3607 1104 3678 propter
1133 3599 1294 3660 litterarum

224 3689 329 3747 seriem
353 3705 416 3745 ease
438 3687 582 3746 adiectam
604 3688 640 3744 ad
665 3685 681 3765 5
705 3693 744 3746 20
767 3683 882 3761 πέλτην.

311 3775 342 3849 2)
367 3773 452 3838 Quod
477 3770 493 3850 5
518 3778 557 3830 20
590 3769 721 3848 (πέλτην)
744 3793 809 3832 eum
833 3771 849 3850 5
877 3777 912 3829 19
936 3768 1068 3847 (πέλταις
1096 3772 1225 3847 χρῆσθαι
1247 3769 1293 3830 ἐπὶ

222 3862 282 3918 τῶν
303 3857 417 3937 ἵππων)
448 3877 562 3918 conexa
582 3865 636 3932 est,
666 3859 745 3917 casui
769 3859 896 3917 dandum
920 3866 973 3927 est,
1005 3877 1070 3916 eum
1093 3853 1219 3934 aripennos
1241 3878 1295 3916 no-

222 3946 303 4004 mina
323 3945 376 4023 (19
403 3942 527 4026 Θρᾷκες,
552 3950 591 4002 20
613 3935 758 4022 Ἰλλύριοι)
780 3944 997 4021 alphabeticum
1021 3943 1151 4001 ordinem
1176 3965 1246 4022 prae
1262 3964 1293 4002 se

221 4032 326 4091 ierant.

1101 4127 1139 4190 2*
