3190 4882
712 389 904 463 ...3,-

267 568 449 633 inuentores
486 568 629 634 laudare.
684 568 768 646 Quin
814 567 977 649 catalogos
1012 567 1108 632 etiam
1146 566 1346 634 inuentorem

267 676 380 750 poetae
402 677 645 751 composuerunt
669 687 891 750 nonnunquam
914 672 1146 746 enumerantes,
1176 671 1347 751 quaeuni-

256 773 459 855 ,uscuiusque
475 773 585 854 populi
600 771 751 854 oppidiue
773 771 905 853 propria
926 778 1032 840 essent
1050 777 1147 852 atque
1170 789 1251 852 quae
1273 772 1348 836 inde

268 877 481 966 prouenireut.
527 874 710 942 Cuiusmodi
732 873 876 956 exempla
898 873 1134 954 compluria-ex
1156 872 1348 953 Antiphane,

268 979 454 1060 Hermippo,
483 977 633 1056 Pindaro,
664 976 765 1041 Oritia
793 976 897 1056 petita
927 975 1111 1040 Athenaeus
1140 975 1155 1037 I
1183 993 1212 1054 p.
1243 975 1283 1039 27
1300 993 1346 1055 sq.

269 1082 437 1160 congessit,
454 1099 491 1146 ex
507 1081 621 1162 quibus
637 1079 694 1143 hos
710 1079 828 1144 Critiae
844 1095 953 1142 versus
975 1095 1150 1158 apponam:
1173 1073 1348 1155 ,,Φοίνικες

269 1183 298 1246 δ’
320 1171 411 1269 εὗρον
434 1178 607 1266 γράμματα
628 1173 810 1264 ἀλεξίλογα.
845 1175 936 1264 Θίβη
955 1179 984 1242 δ’
1003 1173 1207 1265 ἁρματόεντα
1228 1175 1346 1265 δίφρον

271 1281 475 1370 συνεπήξατο
498 1281 634 1371 πρώτη·
651 1283 830 1370 φορτηγοὺς
852 1283 881 1346 δ’
898 1275 1039 1358 ἀκάτους
1055 1283 1166 1366 Κᾶρες
1189 1276 1269 1357 ἁλὸς
1289 1305 1347 1344 τα-

267 1385 351 1472 μίαι.
376 1387 433 1452 τὸν
456 1387 492 1453 δὲ
517 1386 633 1475 τροχὸν
647 1383 744 1469 γαίας
765 1409 800 1450 τε
816 1381 953 1468 καμίνου
974 1385 1002 1447 τ’
1015 1379 1145 1466 ἔκγονον
1160 1372 1241 1470 εὗρε,
1262 1383 1348 1448 κλει-

268 1488 403 1556 νότατον
417 1488 569 1576 κέραμον,
582 1486 740 1576 χρήσιμον
754 1483 938 1570 οἰκονόμον,
954 1482 971 1549 i
987 1485 1024 1550 τιῗ
1042 1484 1142 1550 καλὸν
1157 1489 1347 1571 Μαραθῶνι

268 1590 500 1680 καταστήσασα
522 1589 711 1678 τρόπαιον.“

353 1696 474 1762 Deinde
497 1696 686 1776 quicumque
708 1694 884 1775 peculiares
907 1694 947 1762 de
962 1691 1093 1773 singulis
1109 1691 1348 1772 disciplinarum

269 1799 449 1880 artiumque
465 1796 633 1878 generibus
647 1798 890 1862 commentarios
902 1794 1165 1874 conscripserunt,
1182 1795 1222 1857 de
1237 1793 1348 1859 heure

269 1901 365 1964 matis
397 1900 446 1964 sui
476 1899 655 1981 argumenti
684 1898 941 1979 disputauerunt,
973 1898 1000 1961 si
1030 1896 1103 1960 inde
1125 1915 1145 1961 a
1167 1896 1349 1976 primordiis

269 2003 397 2084 quidem
420 2021 470 2068 res
492 2001 771 2083 persequebantur.
817 2000 908 2078 Nam,
931 2005 967 2063 ut
982 1998 1164 2094 testimonia
1180 1999 1349 2089 proferam,

270 2104 450 2170 Aristoxeni
472 2103 625 2169 librorum
649 2104 703 2184 qui
733 2109 823 2167 erant
851 2099 931 2184 περὶ
951 2101 1107 2186 τραγικῆς
1135 2091 1294 2186 ὀρχήσεως
1317 2109 1350 2164 et

268 2203 345 2288 περὶ
373 2208 530 2292 μουσικῆς
559 2205 661 2287 (FHG
682 2207 715 2269 II
736 2224 768 2285 p.
790 2205 853 2271 269
868 2203 951 2286 sqq.)
982 2208 1015 2268 et
1044 2203 1143 2269 Iubae
1172 2204 1349 2290 θεατρικῆς

269 2304 416 2390 ἱστορίας
440 2309 474 2392 (l.
498 2309 518 2374 l.
541 2309 590 2373 ΙΙΙ
611 2329 642 2390 p.
664 2307 729 2375 465
744 2309 826 2391 sqq.)
842 2307 1021 2388 fragmenta
1037 2307 1237 2371 inuentorum
1253 2305 1348 2387 plena
1382 2331 1385 2336 ·

268 2416 358 2490 sunt;
381 2431 421 2477 ex
442 2411 599 2498 μουσικῆς
621 2405 769 2497 ἱστορίας
790 2410 880 2476 libris
898 2409 1039 2492 Dionysii
1062 2408 1146 2486 Hal,
1169 2409 1222 2488 qui
1246 2409 1348 2490 primo

269 2532 393 2594 semper
414 2513 482 2580 loco
504 2515 567 2586 huc
590 2515 728 2580 animum
744 2514 893 2592 attendit,
916 2513 994 2593 quid
1009 2511 1143 2594 quisque
1164 2511 1348 2591 inuenisset,

269 2616 406 2696 plurima
427 2619 612 2682 heuremata
641 2618 684 2682 ad
713 2616 881 2680 historiam
913 2618 1079 2695 poetarum
1102 2618 1135 2677 et
1157 2613 1347 2678 musicorum
1404 2631 1413 2651 ·

268 2719 462 2798 pertinentia
473 2714 583 2798 'usque
605 2719 636 2782 in
661 2718 778 2782 Suidae
799 2718 921 2782 lexicon
943 2717 1205 2797 manauerunt1).
1249 2713 1348 2779 Porro

268 2820 372 2886 Procli
391 2816 623 2908 χρηστομαθίρ
646 2827 755 2884 notum
779 2826 829 2884 est
851 2818 1006 2884 contineri
1030 2819 1063 2899 1)
1085 2835 1203 2898 genera
1225 2817 1348 2881 littera-

270 2943 348 3004 rum,
386 2926 421 3006 2)
444 2909 716 3002 inuentores‚
755 2922 946 3001 arcatores
978 2921 1032 3000 qui
1063 2920 1211 2985 dicuntur
1240 2919 1348 2984 classi-

271 3044 395 3106 cnrum5
419 3034 515 3109 atque
538 3027 592 3108 qui
614 3024 778 3091 Plutarchi
802 3021 880 3109 περὶ
901 3023 1058 3108 μουσικῆς
1080 3021 1130 3085 uel
1160 3021 1348 3086 Philostrati

270 3125 488 3212 γυμναστικός
517 3131 571 3211 qui
601 3127 785 3194 inscribitur
817 3124 956 3192 libellum
987 3124 1197 3204 percurrerit,
1226 3124 1348 3204 largam

269 3231 364 3296 huius
386 3233 538 3298 materiae
560 3232 683 3312 copiam
707 3229 932 3312 deprehendet.

355 3335 438 3400 Prae
461 3335 574 3401 ceteris
596 3339 703 3400 autem
727 3334 808 3398 duae
830 3330 1007 3412 singulares
1028 3330 1217 3412 scriptorum
1233 3329 1349 3394 classes

270 3437 423 3503 historiae
446 3438 644 3502 inuentorum
667 3437 868 3514 studuerunt,
891 3435 981 3499 utin
1004 3451 1094 3498 usum
1118 3436 1347 3496 conuerterant.

269 3539 411 3604 Primum
434 3540 458 3605 ii
479 3538 749 3621 philosophi,
772 3539 827 3618 qui
849 3529 1347 3621 oporoecacaoog²)com-

295 3663 473 3670 --..——-

365 3715 395 3791 1)
426 3716 469 3774 Gi.
498 3713 755 3773 Waohsmuthium
785 3708 889 3791 Symb.
909 3707 1018 3789 philol.
1040 3706 1151 3771 Βοκκ.
1190 3710 1282 3764 1864.
1319 3724 1347 3779 p.

274 3803 406 3960 145⁸&
416 3887 460 3946 cf.
483 3886 682 3945 Hartliohiurn
709 3881 802 3950 δέκα.
824 3879 915 3963 Ιοῗμυ.
935 3881 994 3940 uol.
1017 3881 1066 3938 XI
1097 3883 1188 3937 1889.
1209 3874 1348 3950 inprimis

270 3993 299 4048 p.
323 3980 384 4035 284
395 3994 461 4052 sqq.
1146 4057 1180 4124 l*
