3184 4886
686 401 897 470 ..57-

251 575 317 639 nini
340 574 529 654 deberetur3
551 576 570 658 ξ
592 575 612 639 2
635 580 753 654 antem,
776 593 838 656 quo
860 576 1002 641 ciusdem
1024 574 1070 640 rei
1092 565 1157 658 εὕρ.
1180 574 1328 658 refertur,

251 676 380 743 diuersa
401 696 440 742 ac
462 679 648 760 deperditae
681 677 817 743 fabellae
848 678 995 760 opposita
1025 679 1177 743 memoria
1199 679 1329 744 uidetur

251 798 322 846 esse
343 780 566 862 intellegenda,
589 799 669 862 quae
685 781 811 862 quidem
836 781 940 847 nescio
963 799 1002 844 an
1026 781 1207 846 coniectura
1229 779 1328 846 fuerit

250 883 458 949 heurematici
482 884 645 949 cuiusdam
663 884 695 948 iu
711 883 959 964 antiquitatibus
975 883 1171 967 explicandis
1186 885 1326 964 uersati;

250 987 269 1068 ὅ
293 987 310 1050 1
335 988 374 1051 de
397 986 557 1051 miscendo
580 987 672 1066 uino‚·
695 986 713 1068 ξ
736 985 756 1050 3
779 986 818 1050 dc
842 986 963 1052 uicibus
985 987 1198 1067 amputandis.
1221 1023 1263 1032 --

335 1089 373 1171 ἐξ
395 1089 426 1153 4.
449 1087 471 1152 5
493 1088 732 1168 „Pelethronios
753 1087 861 1153 frenos
884 1094 917 1153 et
938 1094 1075 1153 stratum
1097 1089 1187 1169 equis
1204 1091 1326 1170 primus

249 1190 402 1256 inuenit.“
433 1191 553 1256 Eadem
584 1193 670 1272 apud
702 1191 783 1257 Plin.
806 1211 835 1257 n.
858 1191 890 1257 h.
912 1191 974 1256 VII
997 1192 1073 1272 2023
1099 1191 1138 1258 cf.
1159 1191 1253 1274 Verg.
1277 1211 1325 1272 ge.

249 1293 297 1356 lll
316 1294 377 1359 115
399 1311 469 1359 oum
493 1295 606 1374 schol.;
631 1297 747 1360 Lucan.
763 1295 807 1360 VI
829 1295 892 1360 398
909 1313 955 1376 sq.
972 1313 1042 1359 cum
1065 1295 1163 1361 schol.
1178 1295 1272 1361 Beru.
1285 1334 1325 1342 -

336 1398 355 1479 ἕ
378 1399 398 1461 6
421 1397 558 1479 „Belone
575 1398 677 1480 prima
691 1417 782 1464 acum
806 1399 957 1480 repperit,
979 1415 1060 1478 quae
1077 1399 1196 1463 Graece
1211 1393 1325 1484 βελόνη

249 1499 461 1580 appellatur.“
485 1502 535 1564 Ad
551 1501 632 1567 hanc
648 1502 846 1584 eponymiam
864 1519 922 1565 non
939 1500 1049 1582 babeo,
1073 1502 1156 1580 quod
1172 1501 1325 1581 adieram,

251 1603 478 1668 testinnonium.
502 1639 543 1648 -

334 1706 353 1787 ὅ
377 1705 395 1768 7
419 1705 579 1787 „Cadmus
594 1707 750 1786 Agenoris
771 1704 855 1771 filius
877 1723 932 1770 aes
948 1705 1066 1771 Thebis
1081 1704 1201 1786 primus
1216 1705 1325 1770 innen-

248 1813 314 1872 tum
339 1809 455 1873 cudit.“
476 1808 600 1874 Heinsii
622 1809 840 1874 emendatione
855 1809 960 1890 (cadit
972 1825 1030 1890 pro
1046 1808 1202 1886 coadidit)
1218 1807 1319 1874 locum

249 1918 395 1975 sanatum
425 1909 572 1976 arbitror.
616 1911 704 1976 Inter
733 1911 887 1977 Cadmum
918 1919 952 1975 et
978 1929 1032 1980 aes
1060 1913 1224 1975 inuentum
1245 1912 1324 1976 haec

247 2013 443 2078 intercedere
466 2012 544 2078 mihi
566 2015 694 2079 uidetur
708 2014 809 2078 ratio:
831 2014 1157 2095 heurematographus
1173 2032 1245 2078 curn
1261 2031 1323 2077 non

246 2118 407 2196 ignoraret
429 2117 472 2180 ad
493 2135 548 2180 aes
571 2116 817 2198 comparandum
841 2117 986 2182 adhiberi
1007 2115 1145 2198 lapidem
1169 2132 1323 2194 aerosum,

247 2237 328 2300 quae
350 2226 484 2283 uocatur
505 2219 636 2284 cadmea
658 2218 711 2300 (cl.
734 2218 815 2283 Plin.
837 2239 868 2284 n.
890 2218 920 2283 h.
944 2219 1077 2283 XXXIV
1100 2217 1226 2297 2.100;
1248 2217 1324 2281 Isid.

246 2322 324 2400 orig.
348 2321 425 2386 XVI
445 2322 497 2400 20,
520 2321 564 2402 2),
587 2329 718 2402 propter
748 2322 816 2386 soni
838 2320 1076 2386 similitudinem
1104 2339 1158 2386 aes
1180 2321 1282 2402 primo
1305 2338 1324 2382 a

246 2424 366 2490 Cadmo
388 2443 457 2489 esse
488 2429 651 2489 excoctum
673 2423 816 2504 coniecit,
846 2429 958 2504 utpote
987 2423 1042 2505 qui
1072 2423 1210 2505 lapidem
1233 2421 1320 2486 illum

246 2544 389 2591 aerosum
423 2527 597 2592 inuenisset
622 2527 714 2605 eique
745 2546 762 2592 e
790 2543 846 2591 suo
873 2525 997 2590 nomine
1021 2525 1224 2607 imposuisset
1248 2526 1322 2588 cad-

244 2630 380 2715 meaejfi.)
406 2647 535 2712 oomen;
558 2647 651 2710 quam
675 2629 713 2692 ob
737 2647 864 2694 causam
887 2629 927 2693 ab
942 2628 1075 2693 aliorum
1098 2627 1320 2692 historicorum

247 2738 280 2797 et
302 2731 585 2796 heurematicornm
609 2730 765 2796 sententia
788 2729 916 2796 deflexit
936 2736 1058 2796 noster:
1082 2728 1120 2795 cf.
1143 2729 1221 2795 Plin.
1239 2747 1266 2794 n.
1290 2728 1320 2792 b.

244 2835 308 2898 Vll
334 2835 412 2914 197;
436 2833 506 2898 Tat.
530 2834 549 2915 ξ
573 2834 627 2913 16;
651 2832 748 2898 Glem.
772 2833 810 2915 ἐξ
834 2835 883 2898 17.
905 2833 957 2898 29.
978 2869 1019 2880 -

328 2938 346 3019 ξ
369 2938 389 3002 8
412 2938 556 3018 „Aeacus
577 2936 663 3000 Ionis
685 2934 770 3000 filius
792 2936 824 3000 in
847 2935 1015 3013 Panchaia,
1038 2934 1188 3019 <Cadmus
1211 2942 1316 2999 autem

245 3037 402 3123 Pangaeo>
425 3041 456 3103 in
483 3044 588 3103 monte
611 3036 690 3122 (aut)
721 3038 843 3102 Thasos
874 3056 986 3102 aurum
1017 3037 1139 3118 primus
1169 3036 1319 3102 inuenit.“

240 3145 403 3222 ‚‚Aeacus“
433 3143 569 3206 correxit
593 3141 745 3205 Muncker
773 3159 831 3221 pro
861 3139 977 3205 codicis
1009 3139 1148 3218 „smusr
1181 3140 1218 3204 cl.
1243 3139 1318 3206 Oas-

243 3247 322 3311 siod.
345 3264 411 3310 uar.
434 3244 479 3309 IV
502 3245 558 3325 34;
590 3245 673 3310 idem
704 3262 815 3308 nomen
847 3244 933 3324 apud
962 3240 1043 3307 Plin.
1066 3261 1095 3307 n.
1118 3244 1148 3309 h.
1172 3243 1233 3307 VII
1259 3243 1318 3309 197

244 3350 387 3413 restituit
409 3348 588 3413 Urlichsius
609 3347 697 3413 Aac.
716 3346 827 3428 philol.
852 3346 891 3410 77
915 3345 1027 3427 (1858)
1048 3365 1078 3426 p.
1094 3345 1157 3411 488
1180 3365 1218 3410 ex
1231 3346 1318 3411 codi-

243 3470 313 3516 cum
336 3451 492 3530 „aeaclis“
514 3458 547 3516 ct
569 3470 607 3532 „e
629 3449 736 3516 aclis“.
780 3449 818 3513 In
841 3447 946 3513 uerbis
969 3455 1085 3527 autem,
1107 3466 1188 3530 quae
1204 3447 1317 3511 deinde

242 3553 410 3634 leguntur:
434 3555 485 3635 „in
508 3552 669 3619 Panchaia
691 3554 722 3617 in
739 3557 843 3616 monte
859 3551 959 3616 Taso“
982 3569 1042 3615 non
1057 3568 1152 3614 unum
1169 3549 1315 3615 mendum

243 3658 342 3722 latere
364 3662 508 3737 apertum
532 3662 589 3721 est.
634 3654 775 3720 Primum
803 3656 886 3718 enirn
919 3653 972 3718 uix
995 3653 1141 3734 cuiquam
1165 3650 1316 3717 credibile

332 3882 361 3960 1)
392 3885 534 3942 Cadmeae
555 3879 662 3955 lapidis
683 3878 741 3937 iam
765 3879 834 3937 olim
857 3878 989 3937 Scheffer
1010 3877 1170 3935 admonuit.
1207 3909 1239 3920 -
1271 3877 1314 3936 cf.

243 3970 451 4030 Bluemncrum
476 3963 621 4029 Teclmol.
642 3962 712 4026 und
735 3961 904 4027 Permittol.
926 3964 968 4022 lv
991 3984 1019 4039 p.
1044 3965 1080 4020 91
1099 3983 1165 4042 sqq.

1112 4062 1154 4125 5*
