3190 4882
719 351 931 416 ..42-

277 520 399 586 ortium
416 520 577 588 nouulium
599 521 809 603 peritissimos
830 519 927 587 luisse
955 521 1039 587 inter
1059 539 1167 588 omues
1189 521 1359 604 scriptores

261 628 426 705 ·constot;
457 622 645 691 heuremeta
666 639 791 704 quoquo
815 623 942 690 nundin
968 623 1014 689 eis
1036 623 1223 690 adscribunt
1240 625 1357 691 Herod.

279 726 342 793 VH
364 727 422 806 993
452 726 544 792 Diod.
568 725 596 790 V
619 725 676 805 203
700 725 804 792 Strob.
827 725 904 791 XVI
926 726 958 807 2,
980 726 1040 806 24;
1071 728 1140 805 11,
1164 726 1200 808 6;
1225 725 1306 792 Prin.
1328 745 1359 792 n.

280 830 312 898 lr.
334 829 364 895 V
386 828 444 908 673
468 828 529 893 VII
551 827 633 908 208;
656 826 771 893 Athen.
793 825 838 892 Vl
859 847 889 910 p.
912 829 1003 896 273⁰.
1025 865 1068 875 -

367 932 386 1015 ξ
407 933 451 999 46
466 950 512 1014 sq.
536 925 689 1011 „uului
710 952 746 994 τε
768 924 797 994 oi
822 928 908 1014 πρὸς
930 933 971 1019 τῇ
989 923 1113 1018 Ἰταλίᾳ
1127 931 1256 1019 πρῶτον
1278 927 1359 1019 φόρ-

280 1056 383 1120 μιγγα
404 1023 497 1121 εὗρον
519 1025 557 1098 οὐ
579 1030 665 1097 πολὺ
686 1035 743 1118 τῆς
764 1029 910 1118 κιθάρας
924 1030 1121 1119 λειπομένην
1141 1031 1200 1098 καὶ
1213 1030 1358 1121 κρόταλα

281 1131 494 1223 ἑπενόησαν.“
539 1136 732 1202 Testimoniu
754 1154 816 1201 uon
838 1139 973 1220 repperi.
987 1173 1029 1184 —

368 1241 386 1322 ᾗ
414 1241 458 1305 48
494 1235 572 1322 „an
601 1261 635 1303 τε
666 1233 877 1323 Σεμιράμεως
905 1234 1078 1321 βασιλίδος
1102 1231 1289 1327 Ἀσσορίων
1317 1238 1358 1304 σοὶ

277 1338 418 1426 βύσσινα
455 1338 570 1427 ἱμάτια
605 1337 764 1430 εὑρῆσθαι
806 1336 1023 1428 ἱστοροῦσιν.“
1077 1335 1263 1428 Ἀσσυρίων
1299 1360 1358 1425 pro

276 1440 488 1529 Αἰγυπτίων,
503 1447 587 1527 quod
604 1446 755 1527 traditur,
772 1445 880 1526 inepto
895 1445 1020 1511 nomine
1035 1444 1172 1528 Vigerus
1186 1447 1228 1511 od
1243 1445 1358 1512 Euseb.

280 1567 311 1630 p.
334 1549 398 1614 476
419 1549 483 1612 iem
506 1547 690 1613 emendauit
711 1567 750 1614 ex
770 1547 910 1614 Eusebio
931 1565 989 1612 nee
1012 1547 1115 1626 uideo,
1145 1566 1202 1613 eur
1223 1548 1358 1613 Diodor-

277 1648 342 1716 fius
364 1651 616 1716 emendationem
639 1651 805 1731 respuerit
843 1649 976 1732 Antiqui
997 1651 1073 1733 quid
1088 1645 1213 1733 βύσσου
1233 1649 1358 1716 nomine

282 1750 543 1834 signifieauerint,
571 1751 816 1819 incertissimum
847 1759 907 1836 est,
939 1759 972 1818 et
1003 1761 1041 1818 ut
1071 1752 1119 1819 illi
1141 1753 1286 1820 diuersos
1307 1770 1359 1818 res

278 1855 501 1937 confuderunt,
524 1854 573 1920 itu
596 1865 724 1922 nostroe
746 1855 864 1922 aetatis
888 1854 948 1920 uiri
971 1855 1058 1921 dooti
1079 1857 1120 1921 de
1141 1856 1204 1922 hoo
1218 1874 1254 1920 re
1275 1855 1360 1920 inter

282 1975 317 2022 se
339 1957 530 2041 discrepent.
573 1958 742 2024 Inueotnm
766 1965 883 2038 eutem,
914 1958 1000 2040 quod
1032 1959 1225 2024 testimoniis
1248 1955 1359 2022 confir-

280 2081 368 2126 more
389 2061 510 2127 frustra
530 2061 650 2142 studui,
681 2062 785 2128 neseio
815 2081 855 2126 an
888 2064 929 2126 od
952 2061 1040 2127 illam
1063 2060 1203 2127 lubulem
1226 2067 1359 2143 spectet,

277 2183 344 2247 que
376 2154 559 2229 Semiramis
597 2164 826 2244 excogitauisse
866 2163 968 2229 fertur
1000 2162 1163 2229 Persicum
1194 2165 1359 2244 uestitum,

277 2267 399 2349 quippe
421 2284 484 2349 quo
507 2284 616 2332 sexum
639 2267 839 2332 dissimulare
862 2266 974 2332 uellet:
1006 2265 1098 2330 Diod.
1119 2266 1154 2330 11
1176 2266 1215 2346 6;
1246 2266 1359 2332 lustin.

281 2370 350 2450 12,
372 2369 408 2450 3;
440 2370 473 2434 id
496 2370 580 2450 quod
603 2369 699 2435 simili
722 2371 815 2435 modo
838 2370 878 2436 de
900 2369 1017 2434 Atossa
1038 2375 1071 2434 et
1093 2370 1133 2433 de
1157 2368 1270 2434 Medea
1291 2379 1358 2434 tre·

278 2472 371 2538 ditur
394 2471 432 2538 of.
455 2489 554 2554 supro
574 2492 606 2556 p.
631 2474 673 2539 15
694 2492 763 2540 enm
787 2473 859 2538 udn.
884 2475 911 2538 1.
934 2507 976 2518 -

366 2574 385 2656 ἕ
406 2577 450 2641 49
472 2572 548 2654 ,,καὶ
571 2569 704 2660 πρώτην
733 2572 914 2652 ἐπιστολὰς
937 2568 1092 2653 συντάξαι
1104 2567 1278 2638 ’Ἀσοσσαν
1300 2571 1360 2661 τὴν

277 2679 420 2764 Περσῶν
440 2673 683 2760 βασιλεύσασαν
705 2697 804 2762 φησιν
819 2673 1023 2755 Ἑλλάνικος(ι
1045 2709 1088 2732 =
1109 2679 1180 2744 Tot.
1204 2678 1223 2758 ἕ
1247 2679 1298 2743 17.
1312 2713 1355 2724 -

367 2849 507 2931 Singulis
529 2848 738 2931 pertractetis
759 2866 915 2913 summurn
931 2848 1154 2915 subducemus.
1189 2846 1359 2914 clementi-

280 2968 392 3016 norum
416 2945 602 3039 εὑρημάτων
623 2952 725 3018 maior
754 2969 830 3034 pars
860 2950 1052 3017 testimoniis
1082 2951 1263 3016 litterarum
1286 2967 1358 3015 eon·

277 3051 584 3139 firmotnr1)‚sunt
613 3062 720 3122 eutem
743 3053 901 3134 nonnullo,
930 3072 1063 3136 quorum
1094 3072 1249 3136 nusquam
1272 3052 1359 3134 opud

371 3227 401 3303 1)
425 3227 461 3286 1d
484 3228 604 3306 quidem
627 3248 686 3287 uon
709 3248 789 3300 euro,
815 3248 884 3286 num
909 3228 980 3307 quid
1001 3227 1126 3286 fortusse
1148 3227 1212 3285 ueri
1234 3225 1359 3301 singulis

280 3313 461 3371 heuremetis
489 3313 570 3385 insit,
600 3316 651 3372 sed
680 3315 738 3373 hoe
766 3320 881 3372 tentum
913 3320 1022 3390 specto,
1045 3317 1079 3371 ut
1100 3329 1176 3392 quae
1199 3310 1360 3388 deperditis

256 3397 549 3458 *heuremetioornm
580 3398 664 3457 libris
686 3398 870 3459 restituenda
900 3399 961 3458 sint
981 3397 1167 3474 perspioiern.
1212 3395 1360 3460 Quoniam

279 3489 382 3551 eutem
404 3489 519 3543 oonstst
541 3484 744 3544 heuremetum
766 3484 908 3564 pleraque
930 3484 980 3544 uel
1002 3501 1041 3541 ex
1055 3491 1219 3561 postorum,
1241 3482 1359 3560 mytho·

282 3570 472 3646 graphorum,
487 3570 818 3646 paradoxogrophorum
834 3568 983 3645 figmentis
997 3570 1104 3629 hausto
1117 3568 1168 3627 uel
1183 3587 1222 3626 ex
1237 3567 1359 3626 notioni·

280 3656 337 3714 bus
367 3664 469 3731 oporte
498 3653 582 3713 falsis
611 3661 681 3713 note
710 3675 782 3727 esso,
809 3655 937 3731 primum
969 3656 1005 3713 de
1034 3673 1136 3713 eorum
1158 3653 1216 3712 fide
1238 3651 1359 3712 omnino

278 3741 498 3812 dubitabimus3
521 3758 597 3820 quoe
618 3739 769 3800 historicis
791 3743 944 3813 debentur,
966 3741 1138 3799 heuremato
1157 3758 1224 3798 oum
1245 3739 1277 3796 in
1293 3738 1360 3796 uni·

280 3845 399 3885 uersum
421 3827 552 3886 melioris
574 3830 662 3885 notae
685 3826 754 3899 sint,
775 3831 875 3886 torma
890 3827 926 3885 do
941 3843 1121 3904 unoquoque
1136 3844 1190 3901 pro
1213 3822 1313 3883 indole
1329 3827 1360 3882 et

278 3912 434 3987 scriptoris
449 3921 480 3973 et
493 3912 553 3972 looi
568 3910 702 3990 quaestio
725 3910 907 3971 instituendo
923 3916 976 3984 est,
999 3912 1029 3969 id
1045 3912 1124 3990 quod
1137 3909 1206 3970 eliis
1220 3909 1360 3970 oonoedo.
