3184 4886
686 405 920 486 *ine-a

268 581 511 681 Τριπτόλεμος·
534 589 591 656 καί
612 592 654 657 22
676 587 795 677 νόμους
815 590 875 676 μὲν
891 594 1084 680 Λυκοῦργος
1099 583 1117 658 ὅ
1134 583 1343 680 Σπαρτιάτης

263 689 319 756 καί
343 689 454 758 Σόλων
476 687 494 757 ὁ
514 685 704 778 Ἀθηναῖος,
737 696 779 760 23
796 698 872 760 τῶν
894 693 931 759 δὲ
960 691 1160 780 γραμμάτων
1192 693 1249 782 τὴν
1271 692 1344 762 σύν-

263 796 360 876 ταξιν
388 793 443 860 καί
476 798 518 861 24
547 788 714 881 ἀριθμοὺς
743 795 799 862 καί
831 799 874 866 25
902 795 1006 882 μέτρα
1028 795 1084 862 καί
1118 799 1160 864 26
1192 796 1341 882 σταθμία

265 893 468 985 Παλαμήδης
490 897 621 985 ἐφεῦρεν
643 897 699 963 καί
721 895 815 964 ditor
847 893 931 964 data
959 899 1015 966 καὶ
1044 895 1190 986 διάφορα
1211 903 1258 988 τῷ
1279 897 1343 986 βίῳ

264 1000 328 1062 τῶν
351 993 538 1083 ἀνθρώπων
551 997 754 1089 ’ἐπήγγειλαν
774 997 918 1091 χρήσιμα
944 1002 1029 1067 κατὰ
1051 1001 1107 1090 τὴν
1128 1003 1193 1066 τῶν
1214 998 1343 1090 ἱστορη-

265 1098 393 1168 σάντων
414 1099 603 1192 μαρτυρίαν.

350 1206 460 1288 ceput·
476 1208 612 1288 primum
645 1213 677 1275 et
706 1208 842 1273 alterurn
872 1208 1164 1274 Euhemeristarum
1187 1211 1342 1276 rationem

267 1308 434 1375 manifesto
455 1330 534 1393 prae
556 1329 591 1376 se
612 1311 719 1378 ferunt
733 1316 767 1377 et
782 1312 800 1393 ξ
816 1312 836 1376 3
858 1312 955 1377 etiam
972 1313 1073 1394 ipsius
1087 1330 1157 1378 curn
1174 1311 1343 1380 Euhemeri

264 1409 303 1475 ir.
315 1413 357 1477 32
371 1414 532 1494 conspirat
545 1413 598 1496 (cl.
611 1432 709 1496 supra
721 1433 751 1497 p.
761 1415 805 1497 5).
822 1414 961 1480 Primum
978 1421 1084 1480 autern
1102 1422 1198 1496 caput
1209 1413 1343 1481 Christi-

264 1532 325 1580 ano
347 1515 441 1580 alicui
465 1515 606 1582 Graecae
628 1517 862 1600 superstitionis
892 1518 1074 1583 insectaturi
1097 1519 1217 1584 rectius
1241 1519 1342 1583 tribu·

263 1616 326 1682 erit
346 1617 461 1698 aliquis
476 1639 571 1703 quarn
594 1621 912 1702 heuremetogruphis
929 1620 1159 1686 Alexandrinis.
1195 1621 1341 1696 Alterum
1361 1689 1363 1695 ,

230 1734 234 1739 ·
267 1737 365 1802 aeque
387 1739 425 1786 ac
441 1722 571 1786 tertium
588 1724 765 1789 necessario
782 1722 974 1790 Graecorum
998 1747 1034 1788 π.
1050 1716 1114 1808 εὕρ.
1133 1723 1223 1790 libris
1239 1724 1342 1790 uindi-

268 1822 369 1887 canda
391 1842 459 1890 esse
482 1825 640 1904 uidentur,
670 1843 743 1891 num
775 1827 875 1890 maior
903 1844 979 1908 pars
1007 1826 1119 1891 horum
1141 1827 1341 1894 inuenturum

266 1923 383 2006 legitur
405 1927 437 1990 in
460 1926 614 2008 catalogis
637 1946 735 2010 supra
758 1928 923 2008 tractatis;
946 1927 1063 2010 quibus
1085 1930 1242 1994 accedunt
1265 1948 1341 1995 non-

266 2027 353 2092 nulle
373 2029 560 2101 heuremata
583 2049 665 2096 noua
687 2040 785 2112 atque
807 2032 838 2097 in
855 2031 1065 2097 uetustiorum
1081 2030 1171 2096 libris
1187 2032 1341 2099 inaudita.

264 2130 367 2196 Valde
389 2132 488 2212 igitur
503 2134 672 2200 dolendum
689 2143 749 2216 est,
772 2135 857 2218 quod
872 2134 924 2200 cui
939 2133 1017 2199 haec
1032 2134 1164 2200 deberet
1178 2140 1339 2202 auctorem

266 2252 325 2299 non
349 2235 562 2303 uominauerit
584 2236 749 2319 Georgius.

329 2338 474 2405 'Deinde
505 2342 537 2406 in
566 2341 816 2418 confusissimum
847 2337 925 2425 περὶ
954 2334 1091 2423 μαγείας
1116 2337 1172 2404 καὶ
1193 2335 1341 2426 γοητείας

264 2457 440 2508 sermonem
473 2442 601 2522 (chron.
633 2443 666 2507 ΙΙ
695 2444 724 2522 6,
747 2443 868 2525 8—11)
900 2443 1075 2526 compluria
1105 2443 1292 2509 heuremata
1323 2463 1341 2508 e

265 2542 387 2609 duobus
408 2543 550 2610 fontibus
572 2545 790 2613 consarcinata
813 2546 955 2612 intexuit.
1002 2545 1150 2612 Auctoris
1173 2547 1257 2611 enirn
1285 2564 1339 2611 uo-

265 2645 349 2710 nniue
370 2648 522 2713 adnotato
544 2647 714 2731 descripsit
1129 2659 1131 2662 ’

347 2749 393 2814 IV
417 2771 447 2832 p.
470 2750 521 2832 52,
543 2752 671 2817 20-25
704 2751 897 2818 Theodoreti
927 2751 1064 2834 catalogi
1098 2751 1136 2834 ἓξ
1161 2754 1188 2818 1.
1210 2751 1239 2818 3.
1262 2753 1284 2817 4
1306 2757 1339 2817 et

348 2853 394 2917 VI
416 2874 447 2937 p.
463 2855 516 2936 53,
531 2855 656 2919 24-27
672 2855 814 2921 eiusdem
837 2855 877 2938 ἐξ
901 2857 919 2920 i
942 2861 976 2921 et
997 2856 1017 2920 8
1041 2853 1094 2934 (cf.
1111 2873 1209 2936 supra
1223 2873 1255 2936 p.
1272 2853 1337 2936 60).

262 2957 321 3023 His
343 2953 450 3024 autern
474 2957 627 3023 ambabus
651 2958 796 3040 partibus
817 2958 1009 3038 interposuit

346 3060 373 3124 V
402 3081 432 3142 p.
456 3059 507 3143 52,
530 3059 645 3143 25—p.
668 3061 719 3144 53,
742 3062 785 3125 24
814 3067 965 3142 quattuor
993 3060 1125 3126 iuuenta
1160 3061 1248 3125 uaria
1277 3079 1340 3126 una

262 3180 332 3228 curn
355 3163 655 3246 disputatiunculae,
677 3182 759 3246 quae
780 3172 849 3228 erat
872 3163 912 3228 de
933 3163 1049 3244 magia,
1064 3167 1230 3243 excerpt03
1253 3164 1337 3246 quod

257 3269 366 3330 totum
389 3274 486 3348 eaput
501 3271 665 3334 mutuatus
688 3271 738 3358 ast¹
760 3285 799 3332 ex
813 3264 942 3332 scholiis
964 3265 995 3330 in
1012 3265 1144 3348 Gregor.
1158 3264 1235 3330 Nan.
1251 3271 1338 3331 cata-

261 3367 366 3449 logum
399 3369 543 3451 scriptis,
577 3371 618 3434 de
650 3368 765 3452 quibus
794 3387 892 3450 supra
925 3388 957 3451 p.
980 3369 1023 3433 44
1049 3368 1167 3434 adn.2
1197 3368 1339 3434 breuiter

260 3470 408 3538 iudicaui.
433 3509 473 3518 -

345 3574 395 3640 Ex
416 3575 475 3642 hoc
496 3569 682 3660 εὑρημάτων
703 3575 855 3641 thesauro
877 3574 910 3638 in
933 3572 1148 3656 compluribus
1178 3573 1337 3640 codicibus

260 3685 409 3758 excerpta
420 3684 550 3744 exarata
561 3684 644 3744 sunt.
656 3677 755 3743 Totus
770 3682 898 3758 praeter
909 3682 1006 3758 caput
1016 3675 1032 3740 I
1044 3675 1099 3758 (ἓξ
1112 3674 1209 3758 1-6)
1219 3674 1337 3756 legitur

258 3780 291 3844 in
312 3781 452 3863 epitoma
483 3778 652 3859 Uiroaici,
681 3798 775 3862 quarn
807 3777 983 3860 publicauit
1001 3777 1131 3844 Gramen
1156 3777 1189 3842 iu
1214 3777 1336 3844 Aaccot

263 3885 362 3952 Ouora.
379 3886 441 3953 uol.
456 3884 515 3951 IV:
539 3905 570 3966 p.
585 3884 658 3964 239,
674 3883 789 3964 ua-p.
811 3883 883 3962 241,
907 3881 957 3946 17.
971 3881 1015 3928 ’-
1030 3881 1145 3962 Capita
1159 3881 1201 3948 Il.
1216 3880 1273 3946 IIl.
1289 3880 1335 3945 IV

258 3997 292 4058 et
313 3990 428 4072 capitis
460 3988 488 4055 V
517 3980 581 4076 είρ.
596 3996 769 4054 extremum
788 3986 849 4069 w(=
871 3984 986 4068 Georg.
1008 4005 1039 4066 p.
1061 3984 1171 4084 5324)
1193 4003 1211 4050 e
1233 3984 1336 4060 tribus
