3184 4886
679 395 914 466 ...104-

261 569 387 638 dedisae
417 569 514 637 oertis
548 568 737 636 testimoniis
765 568 918 635 traditum
950 567 993 634 sit
1023 565 1076 652 (of.
1104 585 1202 650 supra
1230 587 1261 650 p.
1293 567 1336 633 74

261 673 334 739 adn.
358 674 402 754 1),
433 691 522 754 eum,
556 689 628 738 oum
661 672 702 738 de
730 675 821 737 rotae
849 669 991 754 figularis
1023 674 1185 754 repertore
1216 677 1337 752 agerat,

261 773 382 857 Ephori
405 775 595 843 sententiam
619 774 812 842 auctoritate
827 774 1039 857 Thmphraati
1061 773 1207 856 magistri
1228 773 1336 840 nixum

261 878 451 945 refutauisae
472 879 680 960 suspicamur,
703 876 840 943 Plinium
855 883 963 944 autem
978 876 1156 942 nominihus
1170 882 1337 943 nuatornm

261 979 385 1047 silentio
406 980 590 1063 praeteritis
612 980 787 1047 sententies
808 985 842 1046 et
865 980 984 1061 Ephori
999 981 1030 1060 ¹)
1059 986 1093 1045 et
1123 977 1336 1060 Theophrasti

262 1102 300 1148 sn
322 1081 480 1150 Stratonis
502 1083 683 1150 narratione
705 1082 919 1165 descripsisse

348 1186 470 1252 Deinde
485 1205 542 1268 per
557 1187 691 1252 eundem
706 1185 843 1252 riunlum
858 1184 890 1250 in
899 1184 994 1251 Plinii
1011 1185 1191 1266 catalogum
1205 1182 1337 1249 fluxisse

262 1287 397 1366 oonioio,
429 1304 510 1370 quae
542 1288 800 1355 Aristotelia
831 1287 957 1355 nomine
995 1288 1126 1354 laudato
1156 1291 1336 1352 narrantur.

261 1387 399 1457 Plinium
421 1391 505 1456 enim
528 1391 633 1474 ipsum
663 1390 742 1456 haee
772 1391 980 1472 exoperibus
1004 1389 1186 1458 Aristotelis
1207 1388 1336 1471 oonqui·

263 1492 376 1559 siuisse
398 1492 453 1558 uix
482 1494 646 1577 quisquam
675 1495 801 1575 credet,
830 1493 1019 1576 praesertim
1051 1511 1121 1559 oum
1144 1493 1207 1558 dno
1228 1509 1338 1557 eorum

261 1589 456 1682 εὑρημάτων,
491 1613 573 1677 quae
609 1595 730 1662 Plinius
766 1598 807 1662 ad
840 1597 909 1662 eius
940 1596 1164 1662 auctoritatem
1198 1599 1338 1672 reuocat,

263 1697 359 1764 etiam
382 1699 415 1762 in
444 1696 614 1765 clementia
645 1699 790 1782 catalogo
811 1697 1013 1780 alphabetico
1035 1697 1094 1781 (Δ)
1115 1697 1263 1782 legantur
1284 1693 1338 1777 (ei.

262 1817 359 1881 supro
381 1820 411 1884 p.
433 1802 475 1868 29
489 1819 557 1886 sqq.
579 1807 613 1870 et
634 1802 700 1885 34),
729 1819 822 1883 quam
852 1800 1105 1868 consarcinatum
1134 1817 1204 1867 esse
1226 1817 1339 1881 eogno-

264 1904 369 1969 uimus
382 1923 422 1971 ex
436 1909 589 1987 quattuor
604 1903 891 1971 heurematioorum
906 1903 1066 1986 operibus,
1082 1904 1153 1969 dieo
1168 1903 1341 1981 Soamoms,

263 2006 486 2089 Theophrasti,
502 2007 738 2086 Stratonis,
760 2004 1011 2088 Philostephani.
1035 2006 1135 2073 Porro
1151 2006 1339 2072 monendum

263 2114 313 2175 est
333 2115 383 2176 ter
406 2109 585 2176 Aristotelis
615 2115 648 2176 et
677 2109 890 2193 Theophrasti
921 2110 1097 2176 sententias
1118 2109 1203 2176 inter
1224 2127 1258 2174 se
1282 2127 1338 2190 op

262 2211 383 2294 positus
409 2216 655 2296 coniunctaeque
684 2231 770 2281 asae:
799 2213 862 2279 VII
892 2211 1159 2292 195.197.20t'›;
1189 2211 1222 2277 id
1252 2211 1337 2293 quod

263 2315 382 2396 optime
404 2315 542 2397 quadrat
563 2317 604 2382 ad
628 2316 817 2399 discipulum
840 2332 958 2382 eornm.

349 2416 428 2483 Tum
450 2417 482 2482 id
498 2417 664 2500 aptissime
680 2438 752 2486 eum
767 2417 909 2486 Statonis
924 2417 1030 2500 operis
1045 2417 1149 2486 indole
1164 2434 1338 2499 congruere
1378 2508 1383 2513 .
1430 2446 1432 2449 -

356 2679 383 2756 1)
406 2680 564 2738 Praeterea
586 2698 651 2739 oum
673 2679 786 2756 Ephori
809 2679 964 2739 sententiis
986 2679 1064 2754 apud
1086 2677 1160 2737 alios
1182 2677 1340 2754 seriptorea

265 2764 389 2824 seruatis
404 2765 576 2841 conspirant
589 2766 662 2824 haee
676 2767 867 2824 heuremate':
883 2763 944 2823 VH
958 2768 1016 2823 198
1027 2763 1171 2823 Phidonia
1185 2782 1340 2823 mansurae

162 2885 167 2894 ·
190 2843 193 2848 ’
264 2857 296 2910 et
316 2851 448 2927 pondera
469 2850 577 2927 (Strab.
593 2851 672 2912 VIII
689 2854 716 2922 3,
740 2850 809 2924 88);
833 2849 892 2910 VII
908 2854 966 2908 201
984 2849 1155 2909 Artemonis
1176 2849 1340 2909 testudines

264 2937 364 3008 (Diod.
380 2936 445 2995 XII
461 2941 510 3010 28,
527 2941 562 3010 83
578 2936 655 2997 Plut.
672 2936 777 2996 Periel.
793 2935 843 3008 27,
859 2941 896 3010 43
912 2936 950 2996 oi,
966 2935 1118 3011 Ungerum
1133 2933 1223 2998 Mus·
1238 2930 1340 2998 ΒΜ.

264 3021 440 3082 XXXVIII
457 3026 542 3083 less
561 3043 589 3100 p.
606 3024 696 3098 499),
722 3022 782 3081 VII
798 3026 858 3081 209
873 3021 1084 3082 Anaeharsidis
1105 3039 1214 3080 anoora
1235 3014 1341 3087 bidens
1374 3047 1384 3068 ι

264 3107 372 3184 (Strab.
399 3107 458 3166 VII
481 3113 508 3181 3,
533 3115 568 3180 9;
591 3108 688 3169 Suhol.
710 3112 768 3185 Ap.
791 3108 849 3168 Rh.
872 3110 889 3167 Ι
913 3108 1017 3186 1276).
1062 3109 1230 3166 Potuerunt
1249 3107 1342 3182 igitur

264 3190 389 3251 fortasse
411 3194 485 3252 haeo
512 3214 631 3274 quoque
661 3213 714 3272 per
743 3193 889 3254 Stratonis
920 3213 995 3270 opus
1023 3193 1210 3253 innotescere
1232 3191 1340 3251 Plinio.

269 3277 326 3338 Sed
349 3277 374 3336 si
397 3279 463 3357 quis
484 3279 648 3341 intenderit
668 3280 782 3356 Ephori
804 3279 897 3356 ipsius
920 3299 950 3339 π.
967 3269 1028 3354 erip.
1051 3299 1125 3357 opus
1139 3278 1219 3338 iuter
1232 3278 1340 3356 prima·

264 3365 325 3423 rios
356 3363 447 3422 Plinii
477 3366 575 3424 fontes
604 3367 816 3424 numerandum
849 3383 912 3424 ease
934 3373 1101 3441 propterea,
1133 3365 1211 3445 quod
1233 3382 1340 3422 nomen

265 3451 330 3509 eius
351 3450 383 3508 in
403 3457 558 3510 auctorum
580 3450 678 3510 indioe
707 3452 874 3524 exhibetur,
903 3450 1084 3526 argumentis
1112 3469 1183 3510 sane
1205 3448 1341 3524 redargui

265 3554 325 3595 non
347 3535 465 3612 poterit.
510 3536 574 3610 Ego
598 3537 715 3616 quidem
732 3536 844 3614 Ephori
866 3555 973 3595 nomen
995 3536 1075 3595 inter
1089 3542 1224 3595 amotores
1238 3534 1345 3594 landae

265 3626 329 3680 tum
360 3622 422 3681 sola
451 3623 486 3680 ed
517 3640 551 3680 ea
578 3623 727 3699 pertinere
757 3622 894 3696 arbitror,
924 3639 1000 3701 quae
1033 3622 1093 3682 VH
1117 3624 1177 3681 154
1208 3639 1243 3680 so
1265 3625 1342 3680 teste

265 3708 408 3784 produoto
423 3709 593 3768 referuntur
601 3729 610 3781 ς
634 3726 722 3788 quam
737 3707 984 3767 narratiunculam
1001 3726 1061 3766 non
1076 3726 1116 3766 ex
1130 3707 1244 3784 Ephori
1258 3706 1343 3766 libris

265 3793 340 3870 ipaia
360 3793 490 3853 Plinium
513 3795 697 3871 protraxisse
718 3811 834 3865 eenaeo,
866 3795 917 3852 aad
947 3793 1048 3870 potius
1074 3811 1114 3851 ex
1142 3793 1219 3852 libro
1241 3792 1340 3872 aliquo

266 3879 465 3953 oonleotaneo,
488 3900 575 3960 quem
598 3880 723 3939 eundem
745 3881 933 3956 usurpauerit
953 3879 1089 3939 Valerius
1112 3880 1192 3938 Max.
1209 3878 1285 3937 VIII
1302 3882 1341 3938 18

266 3965 312 4040 (of.
336 3985 425 4042 supra
446 3987 475 4043 p.
501 3971 560 4026 100
581 3967 647 4025 adn.
675 3965 713 4043 1).
