3190 4882
719 437 930 503 ..32...

289 605 402 688 (clem.
417 608 435 690 §
453 607 491 673 ll
500 607 525 692 ζ)
549 608 768 690 Theophrasto
781 614 812 690 ¹)
828 611 937 677 deberi
954 611 1075 678 Plinius
1090 609 1208 679 diserte
1223 613 1364 680 adnotat.

289 709 380 775 Unde
403 710 553 777 facillime
575 713 729 778 dissensio
751 715 958 797 intellegitur,
981 735 1053 780 nam
1077 716 1116 781 ab
1140 717 1212 782 aliis
1236 719 1363 800 Dactyli

288 812 378 878 Idaei
393 815 424 894 ¹)
442 814 649 894 perhibentur
664 832 733 879 esse
749 815 875 896 Cretici,
897 819 937 882 ab
953 817 1025 882 aliis
1041 818 1199 900 Phryges3
1222 821 1366 886 Clemens

288 922 393 980 autem
426 917 495 997 ipse
525 935 578 980 eos
609 917 702 981 modo
730 927 825 983 antea
855 921 977 1000 (strom.
1008 922 1024 985 I
1055 920 1104 1000 15,
1138 923 1192 1004 73)
1224 922 1365 1004 Phryges

289 1018 426 1082 uocauit.
469 1018 513 1082 Et
535 1019 594 1084 hoc
615 1037 739 1100 semper
762 1021 933 1086 tenendum
956 1030 1005 1086 est
1028 1023 1190 1105 catalogos
1214 1035 1246 1089 et
1270 1025 1362 1088 Plinii

290 1129 324 1185 et
347 1121 517 1185 Clementis
539 1122 696 1202 congestis
728 1124 863 1188 diuersis
885 1126 1082 1190 diuersorum
1106 1135 1270 1190 auctorum
1295 1146 1364 1190 sen-

289 1223 398 1288 tentiis
421 1241 489 1288 esse
511 1227 711 1305 compositos.
734 1263 777 1272 -
1317 1273 1319 1278 ν

374 1327 413 1408 ἐξ
438 1327 564 1394 18-20
590 1326 664 1408 ,,ναί
691 1327 754 1416 μὴν
787 1331 913 1416 Θρᾷκες
944 1333 1069 1416 πρῶτον
1091 1328 1148 1418 τὴν
1170 1328 1366 1414 καλουμένην
1423 1369 1425 1374 ,

287 1421 394 1513 ἅρπην
422 1419 514 1513 εὗρον
544 1466 585 1475 -
616 1425 686 1493 ἔστι
709 1429 745 1494 δὲ
767 1427 911 1517 μάχαιρα
933 1429 1087 1519 καμπύλη
1102 1471 1144 1478 -
1165 1432 1221 1498 καὶ
1238 1437 1363 1518 πρῶτον

288 1529 424 1606 πέλταις
459 1529 518 1595 ἐπί
546 1533 610 1596 τῶν
641 1533 758 1596 ἵππων
796 1529 980 1620 ἐχρήσαντο.
1012 1529 1136 1618 ὁμοίως
1166 1535 1203 1599 δὲ
1231 1536 1287 1602 καί
1306 1530 1363 1600 'lt-

288 1628 391 1718 λίριοι
414 1631 471 1719 τὴν
492 1633 690 1720 καλουμένην
722 1634 844 1720 πέλτην
864 1634 1022 1722 ἐξεῦρον.“

372 1738 391 1819 ξ
415 1739 466 1816 18,
498 1756 676 1820 quanquam
700 1741 882 1806 testimonie
905 1743 1029 1822 desunt,
1059 1749 1163 1806 tamen
1188 1743 1268 1807 satis
1291 1759 1362 1805 con-

288 1838 434 1904 firmatur
455 1841 506 1906 his
527 1841 621 1907 locis:
645 1844 799 1906 Artemid.
822 1843 911 1907 1132
935 1838 984 1923 „ei
1005 1841 1065 1926 μὲν
1082 1841 1188 1929 Θρᾳκὶ
1210 1839 1363 1908 πυκτείοι

292 1965 351 2020 τις,
381 1938 523 2028 λήψεται
550 1945 686 2026 γυναῖκα
717 1940 879 2008 πλουσίαν
909 1943 965 2029 καὶ
987 1948 1168 2031 πανοῦργον
1190 1945 1245 2010 καί
1268 1944 1363 2033 φιλό-

288 2065 436 2131 πρωτον·
461 2097 468 2110 .
492 2097 499 2113 .
522 2097 530 2111 .
553 2096 560 2110 .
584 2046 766 2129 πανοῦργον
785 2045 822 2110 δὲ
844 2044 899 2110 διὰ
921 2044 959 2111 τὸ
981 2045 1034 2134 μὴ
1058 2039 1192 2130 ὀρθὸν
1215 2043 1362 2130 ἔχειντί

289 2143 464 2232 ξίφος..
481 2151 526 2226 .“;
549 2149 639 2230 corp.
663 2149 792 2229 glossar.
816 2150 871 2214 lat.
895 2151 944 2214 cd.
967 2151 1070 2215 Loew.
1093 2157 1126 2216 ct
1149 2150 1261 2216 Goctz.
1282 2153 1362 2218 1888

288 2251 321 2315 II
345 2271 375 2332 p.
399 2252 460 2316 183
483 2253 569 2334 ,‚sica
590 2249 752 2337 θρηνκικὸν
775 2247 873 2337 ξίφος
895 2249 1112 2336 ἐπικαμπές“.

374 2354 517 2436 §19sq
549 2356 730 2420 testimonia
759 2374 819 2419 non
853 2357 1021 2436 indagaui3
1054 2364 1164 2422 contra
1186 2358 1361 2423 Thracibus

286 2456 391 2537 potius
413 2458 544 2522 inuenta
566 2458 636 2538 ipsa
658 2454 762 2543 πέλτη
785 2459 993 2522 adscribenda
1015 2458 1112 2524 fuisse
1129 2459 1264 2541 uidetur,
1286 2462 1362 2539 quia

286 2558 469 2639 saepissime
485 2559 535 2649 uel
551 2561 622 2642 ipsa
636 2559 834 2641 significatur
850 2562 996 2640 Thracia,
1020 2562 1070 2625 uel
1086 2573 1359 2644 commemoratur,

287 2680 358 2740 cum
381 2662 422 2725 de
452 2661 628 2728 Thracibus
659 2682 761 2728 sermo
785 2673 853 2740 cst:
886 2663 1004 2729 Herod.
1030 2664 1088 2729 VIl
1113 2664 1169 2743 75;
1192 2666 1267 2728 Eur.
1293 2665 1358 2728 Alc.

283 2765 364 2844 4983
397 2763 433 2828 fr.
459 2765 569 2844 369N3
599 2766 761 2847 Aristoph.
795 2765 867 2848 Lys.
899 2765 979 2844 563;
1015 2767 1092 2833 Ach.
1131 2767 1243 2849 1601),
1278 2768 1355 2832 Xen.

288 2885 378 2932 mem.
394 2867 442 2931 Ill
464 2869 495 2949 9,
510 2869 548 2950 23
571 2869 662 2933 Dion.
685 2877 751 2933 ant.
772 2869 860 2934 Rom.
885 2869 914 2932 Il
940 2869 995 2948 703
1019 2869 1155 2951 Hesych.
1179 2890 1203 2936 s.
1228 2867 1357 2954 πέλτης.

287 2968 391 3034 Multa
414 2971 496 3035 enim
512 2971 697 3036 heurcmata
712 2991 730 3037 e
745 2971 916 3052 gentiliciis
931 2973 1098 3038 adiectiuis
1114 2974 1259 3038 deriuata
1275 2980 1360 3050 sunt,

287 3089 368 3152 quae
404 3074 490 3152 apud
531 3079 643 3153 poetas
686 3073 918 3155 scriptoresque
955 3074 1146 3140 uetustiores
1184 3075 1358 3139 nominibus

288 3192 394 3238 rerum
426 3177 573 3256 apposita
608 3176 810 3258 legebantur,
844 3213 885 3221 -
925 3177 1013 3241 cuius
1048 3178 1131 3241 modi
1166 3179 1356 3242 luculentum

287 3277 417 3359 praebet
441 3279 615 3359 exemplum
640 3279 753 3343 Strabo
776 3279 849 3343 XIV
872 3280 902 3358 2,
924 3280 965 3343 27
982 3281 1012 3360 ³)
1033 3318 1065 3326 -
1092 3287 1125 3345 et
1146 3300 1181 3344 re
1202 3301 1279 3346 uera
1299 3296 1356 3342 non

376 3486 406 3564 1)
434 3487 630 3563 Theophrasti
662 3507 769 3546 nomen
806 3487 933 3546 auctoris
963 3489 1041 3562 apud
1071 3489 1161 3547 (ilem.
1193 3511 1253 3548 non
1296 3509 1359 3547 esse

288 3575 458 3670 adnotatum
480 3593 514 3632 eo
538 3573 713 3651 explicatur,
737 3575 815 3651 quod
837 3574 901 3647 ipse
924 3575 1003 3632 inter
1025 3575 1122 3633 fontes
1145 3580 1170 3633 Δ
1195 3576 1358 3651 corpusculi

287 3660 353 3718 fin
374 3745 405 3821 2)
374 3744 478 3802 ads
509 3743 705 3802 doctissimam
739 3743 882 3801 Lobeclrii
920 3745 1163 3819 disputationem:
1200 3742 1356 3841 Αρίοορνλ.

287 3851 316 3905 p.
347 3835 426 3888 1156
443 3849 517 3908 sqq,
549 3830 679 3888 undet
649 3828 738 3888 etiam
761 3834 858 3887 cetera
881 3832 916 3888 de
938 3832 1017 3891 ferro
1040 3852 1058 3890 a
1080 3830 1242 3948 Dactylis
1236 3839 1357 3886 inuento

288 3914 457 3974 testimonia
478 3923 594 3992 repetas
617 3933 736 3992 quaeso.

374 3999 470 4080 a)cf.
501 4001 613 4060 Herod.
644 4002 661 4059 I
697 3999 763 4074 171,
788 4005 819 4071 43
853 3999 931 4062 Plin.
963 4022 991 4060 n.
1021 4004 1049 4063 h.
1082 4002 1140 4060 VII
1171 4006 1249 4076 200;
1278 3999 1356 4060 Plut
