3184 4886
660 423 894 494 -101-

238 603 324 666 tores
345 597 478 666 almrim
500 597 620 680 elassis,
642 597 713 666 dieo
736 604 811 664 aute
832 597 1037 677 Hesiodum
1050 596 1326 664 Democritus

237 702 377 785 pertinet
392 702 525 768 ‘sti'VII
551 701 629 784 189;
653 702 710 768 sed
732 700 905 784 Diyllus
926 699 1164 766 historicus
1193 700 1321 781 quasit

238 803 431 884 referendus,
452 822 582 887 prorsus
604 805 795 888 ignoramus,
824 821 925 885 neque
955 804 1032 886 quid
1061 802 1091 868 ei
1113 801 1234 868 Plinius
1261 801 1318 868 de·

239 906 354 986 buerit,
376 926 394 973 e
415 906 557 989 reliquiis
580 907 648 972 eius
669 905 869 989 paucissimis
892 905 964 972 elici
986 911 1101 987 potest.

326 1011 470 1077 lamuero
482 1011 524 1076 ad
535 1007 639 1075 fontes
650 1010 718 1076 eius
730 1009 854 1092 eapitis,
869 1027 930 1090 quo
942 1010 1128 1074 heuremata
1139 1012 1320 1074 tractantur
1407 1003 1410 1012 '

158 1197 159 1201 Ἰ
241 1113 318 1195 (VII
340 1113 393 1193 ut,
415 1112 609 1196 191-209),
631 1111 813 1194 peruenisse
837 1112 993 1190 uidemur,
1015 1115 1165 1177 secuntur
1187 1109 1270 1178 euius
1286 1109 1318 1174 iu

238 1217 341 1282 iudioe
371 1214 449 1281 haec
474 1216 590 1282 uerba:
620 1214 758 1295 „Strato
788 1215 843 1298 qui
869 1221 979 1281 eontra
1005 1213 1124 1296 Ephori
1156 1207 1318 1300 εὑρήματα

240 1317 396 1401 scripsit‘t
410 1343 413 1349 ι’
420 1319 489 1398 Quo
504 1319 723 1390 additamento
738 1319 813 1401 quin
829 1317 952 1383 Plinius
967 1317 1149 1383 adhibuisse
1172 1335 1205 1382 se
1220 1315 1318 1381 libms

240 1445 278 1486 ιι.
293 1415 358 1504 εὕρ.
373 1421 508 1502 scriptos
524 1421 684 1488 Stratonis
698 1421 839 1488 iudicare
853 1420 1001 1502 uoluerit,
1023 1419 1232 1502 dubitandum
1255 1436 1318 1484 nou

239 1529 296 1588 est.
319 1523 463 1605 Namque
477 1524 504 1589 si
521 1523 599 1589 nihil
614 1524 741 1604 egisset,
757 1524 816 1589 uisi
831 1529 868 1590 ut
880 1523 1060 1590 Stratonem
1073 1542 1094 1588 a
1108 1521 1221 1589 ceteris
1233 1521 1317 1587 eius·

239 1627 312 1691 dem
328 1626 461 1691 nominis
483 1625 690 1709 scriptoribus
703 1624 757 1708 (ei.
772 1627 879 1692 Luert.
896 1625 985 1710 Diog.
1000 1624 1029 1690 V
1043 1625 1100 1710 61)
1115 1627 1320 1705 discerneret,

239 1747 310 1795 eum
339 1728 452 1796 melius
482 1729 711 1812 appellauisset
740 1730 792 1794 uel
814 1728 1026 1812 Theophrasti
1056 1727 1245 1811 discipulum
1268 1727 1319 1793 uel

239 1829 296 1897 τίν
317 1826 472 1918 poulain
495 1833 528 1898 id
550 1833 637 1914 quod
658 1833 833 1898 rectissime
858 1833 1088 1898 animaduertit
1102 1829 1321 1897 liiehholtnius

238 1953 269 2016 p.
292 1935 343 2002 20.
388 1933 555 2003 Mittamus
576 1940 683 2000 autem
713 1934 876 2017 paulisper
897 1936 1078 2002 Stratonem
1109 1951 1235 2017 eosque,
1264 1935 1320 2016 qui

238 2036 323 2103 huuc
344 2037 517 2119 excipiunt,
537 2043 682 2103 auctores
704 2045 737 2103 et
760 2039 895 2119 primum
909 2038 950 2102 de
970 2037 1019 2102 eis
1033 2035 1243 2118 disputemus,
1264 2036 1319 2119 qui

238 2157 353 2221 agmen
377 2139 539 2208 claudunt
662 2164 663 2167 ¹

324 2243 435 2326 Atque
455 2244 495 2308 de
517 2244 620 2310 tribus
648 2242 841 2326 auctoribus,
870 2262 1004 2327 quorum
1033 2243 1160 2310 uomina
1192 2243 1223 2308 in
1256 2243 1318 2309 fine

241 2345 355 2412 indicis
376 2346 539 2413 conlocata
561 2352 644 2429 suut,
667 2346 818 2413 iudicium
834 2347 968 2413 Bruuuii
984 2353 1127 2429 repetere
1141 2347 1220 2413 mihi
1235 2346 1322 2414 lieet

241 2449 377 2516 Nomina
398 2450 482 2515 enim
505 2449 743 2515 Anticlidis
764 2456 797 2514 et
819 2448 1073 2530 Critonem,
1097 2450 1150 2531 qui
1172 2450 1204 2516 iu
1228 2453 1319 2516 textu

240 2552 305 2618 Vll*
324 2553 388 2620 193
414 2552 596 2632 laudantur,
626 2555 698 2636 ipsa
719 2555 804 2635 sede,
832 2571 928 2635 quam
958 2553 990 2617 in
1020 2552 1125 2619 indice
1153 2562 1319 2637 occupant,

240 2656 416 2722 luculenter
437 2658 609 2723 ostendunt
630 2664 703 2739 post
718 2656 834 2722 librum
852 2654 1028 2722 confectum
1050 2657 1176 2723 demum
1191 2656 1321 2724 adiecta

242 2776 312 2825 esse
333 2777 415 2840 quae
437 2758 499 2825 VH
522 2760 583 2826 193
606 2758 796 2826 referuntur.
840 2759 907 2826 Not
936 2758 1038 2824 solum
1069 2777 1088 2825 e
1115 2759 1186 2842 lege
1215 2759 1322 2826 Bruu-'

239 2861 333 2928 uiaua
355 2862 415 2927 hoc
436 2862 590 2946 sequitur,
612 2863 668 2926 sed
690 2861 784 2928 etiam
808 2881 843 2929 re
865 2863 935 2944 ipsa
958 2863 1216 2929 demonstratur:
1236 2863 1316 2930 Nam

239 2982 321 3045 quae
343 2964 405 3030 Vll
435 2965 497 3030 193
530 2965 721 3031 testimoniis
754 2965 933 3046 Anticlidis,
963 2965 1123 3048 Epigonis,
1153 2967 1266 3034 Berosi
1277 2970 1318 3053 ¹),

241 3066 413 3134 Critodemi
435 3067 604 3151 exscriptis
625 3069 666 3133 de
687 3074 851 3136 uetustate
874 3068 1050 3135 litterarum
1081 3071 1168 3151 apud
1190 3065 1318 3156 Aegyp-

240 3169 302 3236 tios
323 3176 356 3236 et
378 3171 569 3254 Babylonios
598 3178 778 3251 narrantur,
810 3189 881 3239 cum
911 3191 931 3237 a
958 3177 1075 3238 natura
1102 3174 1326 3257 catalogorum*

241 3272 524 3340 heurematioorum
547 3275 729 3354 abhorrent,
751 3281 827 3340 tum
841 3275 950 3357 inepto
964 3276 1032 3342 loeo
1047 3275 1205 3344 inculcata
1226 3284 1317 3345 suut:

240 3377 387 3459 ponenda
418 3384 511 3443 eraut
541 3378 649 3460 potius
680 3378 771 3444 initio
791 3378 862 3445 »VII
898 3379 974 3461 192,
1006 3378 1061 3445 ubi
1092 3381 1133 3446 de
1167 3380 1316 3464 Assyriis,

240 3480 418 3563 Aegyptiis,
448 3480 536 3564 Syris
564 3498 668 3549 sermo
699 3487 756 3548 est.
809 3480 980 3548 Praeterea
1008 3483 1227 3565 supplemento
1255 3481 1317 3548 isto

332 3758 532 3836 1)Epigeues
561 3765 592 3818 et
579 3759 747 3818 tBerosus
777 3778 837 3818 una
864 3779 930 3818 oum
952 3760 1008 3818 Pet
995 3757 1126 3818 tosiris
1128 3715 1316 3837 tNashepso

240 3845 393 3923 superiore
428 3845 486 3902 iam
518 3845 625 3904 indicis
658 3844 723 3904 loeo
764 3844 906 3904 nominati
940 3827 1026 3919 sunt,
1065 3845 1205 3930 nimirum
1238 3845 1317 3905 iuter

240 3933 438 4008 Ephorumt
408 3948 424 3988 ο
425 3930 657 3991 thlexaudrum
673 3921 736 3989 Pol
740 3951 859 4012 ,quem
874 3929 992 4011 quidem
1008 3925 1104 3989 losum
1120 3931 1191 3990 item
1206 3918 1325 3992 iniuria

241 4024 351 4090 tenent,
376 4037 440 4077 oum
463 4017 495 4076 iu
517 4024 604 4076 textu
628 4013 707 4076 VII
714 4021 772 4075 160
796 4017 910 4076 demum
934 4015 1098 4076 laudentur.
