3184 4886
646 422 859 488 „77-

295 592 368 671 „ille
392 593 468 674 quie
490 613 527 658 ex
550 611 658 658 eorum
681 594 881 658 decesserat“
904 592 1026 657 tradita
1049 593 1146 659 uerba
1168 594 1289 660 correxi

211 694 308 759 simili
338 697 433 761 modo
466 703 560 777 atque
594 695 732 762 Scheffer
755 695 864 761 uoluit.
902 695 1111 778 Tyrrhenum,
1141 697 1290 761 Herculis

210 803 243 859 et
274 798 450 879 Omphalae
480 799 586 880 (Dion.
618 798 691 863 Hal.
723 799 1017 881 ant.Rom.128)
1048 800 1157 882 Lydae
1179 798 1291 895 filium,

211 898 320 964 tubam
344 901 502 965 inuenisse
525 905 664 965 testetur
685 899 947 983 Pans.1121,3;
970 908 1138 982 praeterea
1161 901 1199 966 cf.
1219 902 1290 967 Tat.

212 1001 231 1084 ξ
257 1003 296 1066 15
319 1009 456 1086 atquae
479 1003 630 1068 adnotaui
653 1022 685 1083 p.
709 1003 758 1067 13.
791 1002 1006 1070 Difficultates
1027 1009 1134 1070 autem
1157 1004 1290 1086 praebet

210 1107 352 1171 narratio
367 1125 449 1189 quae
464 1108 615 1189 sequitur.
640 1107 825 1189 Quanquam
843 1106 924 1171 eninr
940 1106 1059 1188 apertis
1076 1107 1180 1172 uerbis
1195 1106 1290 1188 (abac

212 1209 368 1293 ratione“)
391 1210 591 1291 promittitur
612 1210 811 1291 explananda
840 1205 1019 1296 εὑρήματος
1041 1211 1134 1291 ratio,
1163 1229 1223 1291 pro
1252 1229 1290 1275 ea

212 1319 318 1377 tamen
342 1307 450 1376 αἴτιον
472 1313 567 1377 moris
590 1314 753 1378 cuiusdam
776 1313 961 1394 explicatur,
984 1332 1021 1378 ex
1044 1333 1105 1396 quo
1121 1313 1147 1377 si
1164 1313 1235 1393 quis
1251 1314 1290 1378 de

212 1415 280 1478 uita
302 1417 492 1494 decesserat
515 1416 600 1480 ciues
632 1417 709 1481 tube
733 1416 997 1496 conserebantur,
1031 1423 1065 1480 ut
1097 1421 1291 1480 testarentur

214 1517 370 1582 hominem
394 1538 454 1583 non
478 1519 617 1583 uiolenta
639 1524 740 1582 morte
771 1518 913 1599 periisse,
944 1519 1000 1583 sed
1033 1523 1166 1584 naturae
1188 1517 1288 1582 uitem

213 1620 401 1686 reddidisse.
445 1621 510 1686 Nec
533 1621 654 1698 dubito,
682 1621 758 1702 quin
789 1638 848 1684 non
870 1640 973 1702 pauca
996 1620 1172 1686 exciderint
1194 1627 1290 1703 atque

211 1723 336 1786 omnino
352 1726 493 1788 narratio
515 1724 644 1788 turbate
667 1725 727 1802 sit;
750 1723 823 1787 olim
847 1723 941 1804 enim,
965 1729 1000 1787 ut
1023 1741 1118 1787 unum
1136 1742 1291 1801 moneam,

210 1825 388 1904 expositum
411 1825 509 1891 fuisse
533 1827 661 1890 uidetur
683 1825 864 1908 Tyrrhenos
886 1832 961 1890 ente
996 1824 1104 1890 tubam
1126 1825 1288 1891 inuentam

210 1927 338 1992 conchis
361 1944 435 1992 usos
458 1945 544 2006 esse3
568 1928 677 2010 utique
699 1929 805 2009 „unde
827 1927 906 1993 tube
927 1928 1125 2009 Tyrrhenum
1149 1927 1289 2010 melos1)

211 2031 348 2096 dicitur“
372 2031 470 2095 uerba
492 2050 553 2095 non
586 2049 676 2095 suum
707 2031 850 2096 obtinent
878 2031 989 2095 locum.
1022 2029 1179 2097 Graecum
1210 2030 1290 2096 haec

211 2133 308 2198 uerba
338 2131 456 2198 iontem
488 2133 644 2213 indicant;
679 2152 760 2215 quae
782 2139 889 2198 autem
920 2142 1079 2215 secuntur,
1113 2135 1287 2198 Romanam

211 2235 363 2318 originem
396 2234 564 2300 manifesto
595 2255 672 2316 prae
703 2255 737 2301 se
767 2235 883 2301 ferunt.
928 2235 1021 2302 Certe
1052 2236 1141 2302 locus
1171 2236 1290 2300 ueteris

212 2339 374 2403 doctrinae
398 2339 536 2420 uestigia
559 2340 673 2420 prodit.
840 2351 843 2356 ’

297 2440 505 2507 Notissimum
522 2450 571 2506 est
587 2447 728 2506 mortuos
743 2443 784 2505 ad
800 2440 908 2506 tubam
921 2442 1035 2506 deduci
1050 2442 1162 2507 solitos
1173 2441 1289 2521 fuisse;

212 2561 268 2609 nec
290 2562 366 2609 uero
388 2563 427 2608 ea
448 2545 653 2626 consuetudo,
677 2562 758 2625 quae
780 2546 840 2609 hoc
862 2545 930 2609 loco
947 2545 1149 2626 describitur,
1172 2547 1214 2609 ad
1236 2565 1290 2610 ex-

212 2648 339 2729 sequias
360 2665 571 2728 pompamque
594 2647 705 2712 relerri
735 2652 851 2728 potest.
890 2646 952 2711 Sed
986 2647 1018 2710 in
1042 2647 1289 2713 conclamatione

212 2750 308 2814 tubae
330 2750 494 2816 adhibitae
515 2749 615 2815 fuisse
638 2751 786 2815 uidentur
809 2749 862 2832 (cl.
879 2749 1007 2815 Petron.
1026 2750 1080 2833 78)
1096 2756 1129 2814 et
1154 2748 1289 2814 fortasse

211 2851 328 2930 fabula,
353 2853 442 2917 cuius
468 2852 619 2934 reliquias
644 2855 728 2934 apud
755 2852 916 2933 Hyginum
941 2851 1087 2933 legimus,
1120 2850 1289 2932 aetiologia

211 2955 291 3033 fuit,
323 2972 386 3035 qua
415 2955 662 3036 explanabatur,
698 2975 755 3022 cur
786 2955 881 3019 uicini
913 2954 1022 3018 statim
1051 2959 1124 3035 post
1156 2959 1289 3018 mortem

212 3056 346 3122 alicuius
369 3077 534 3124 accurrere
557 3064 590 3123 et
612 3058 816 3122 lamentando
832 3057 1087 3138 clamitandoque
1104 3061 1200 3139 atque
1215 3075 1289 3122 een-

213 3159 298 3224 tibus
320 3160 506 3241 lugubribus
529 3163 698 3242 strepitum
722 3162 816 3225 ederc
838 3160 984 3225 solerent.
1007 3196 1047 3206 -

299 3264 317 3346 ξ
348 3263 390 3328 28
419 3265 545 3346 „Ortini
575 3271 681 3331 autem
712 3263 843 3330 classice
872 3264 1090 3329 inuenerunt.“
1133 3264 1221 3329 Haec
1252 3282 1290 3327 ex

212 3367 370 3447 corruptis
403 3367 507 3433 uerbis
542 3369 733 3448 „cornicines
762 3404 804 3413 -
835 3367 979 3434 classici‘
1008 3367 1180 3433 Schneider
1201 3387 1231 3448 p.
1247 3365 1286 3432 51

214 3470 355 3534 restituit
387 3470 425 3534 cl.
449 3469 538 3535 Seru.
571 3473 612 3536 ad
641 3471 736 3551 Verg.
759 3471 837 3534 Aen.
859 3469 921 3534 VH
946 3471 1189 3548 716;aduas1.
1213 3469 1232 3533 l.
1256 3469 1292 3538 ΙΙ.

214 3572 265 3638 30.
288 3572 374 3637 Test.
398 3572 516 3637 inuenti
541 3573 640 3654 ipsius
662 3574 781 3639 frustra
803 3573 955 3655 quaesiui.
979 3611 1018 3618 -

298 3675 316 3757 ξ
338 3675 380 3739 29
403 3675 493 3757 „Afri
515 3680 549 3740 et
570 3677 720 3758 Aegyptii
741 3677 837 3758 primi
858 3674 997 3741 fustibus
1028 3676 1289 3740 dimicauerunt.“

218 3785 225 3788 ’
265 3784 548 3891 *riurjamma
579 3815 642 3874 ea.
672 3815 717 3874 ur
752 3819 820 3888 151,
853 3821 870 3873 a
902 3816 938 3873 aa
970 3816 1042 3873 tuna
1070 3815 1118 3873 aa
1149 3817 1185 3872 aa
1215 3814 1290 3873 aaa

213 3906 312 3980 graui:
345 3895 576 3980 „Topoqvo'v
598 3897 810 3974 μελέὸαμα,
841 3892 879 3958 δι’
901 3887 938 3959 οὗ
961 3920 1040 3959 ποκα
1062 3897 1143 3959 πόλλ’
1167 3896 1289 3977 ἐβόασεν

216 3980 295 4072 &vulp
319 3982 437 4068 εἰράνας
460 3980 593 4064 σύμβολα
616 3983 666 4044 καὶ
688 3983 849 4062 πολέμου.“
