3184 4886
1166 198 1240 322 'b

1205 305 1229 361 X

740 425 953 492 -na-
1234 376 1237 386 ’

308 596 441 678 „primi“
464 597 583 662 correxi
606 615 663 679 pro
686 598 873 680 „primnm“,
895 603 991 664 antea
1013 600 1096 664 enim
1111 598 1255 664 homines
1270 599 1383 682 ungui·

307 699 375 777 bus,
397 701 555 780 dentibus,
577 701 692 782 pugnis
720 718 878 782 pugnasse
912 702 1072 766 ueteribus
1094 719 1280 784 persuasum
1304 710 1383 780 erat,

307 801 345 867 cl.
368 802 495 868 Lucret.
519 803 548 866 V
574 803 654 870 1281
670 820 757 886 sqq.;
780 805 857 869 Hor.
880 811 940 869 sat.
964 804 1032 882 13,
1057 803 1133 883 101;
1158 803 1299 870 Cassiod.
1316 824 1384 870 uar.

305 905 322 968 I
344 905 395 970 30.
417 898 482 988 εὕρ.
505 903 671 980 confirmat
691 904 773 970 Plin.
795 926 825 970 n.
842 907 872 970 b.
895 905 957 970 VII
979 907 1053 973 200.
1076 909 1261 990 Aegyptios,
1295 915 1386 971 ante·

306 1025 401 1088 quam
424 1025 513 1072 arma
535 1007 665 1072 inuenta
680 1014 795 1086 essent,
818 1007 956 1073 fustibus
971 1009 1171 1074 dimicanisse
1187 1009 1385 1090 intellegitur

307 1131 345 1176 ex
367 1110 460 1176 Diod.
484 1110 499 1172 I
521 1111 572 1184 24.
594 1110 631 1189 33
653 1109 692 1175 cl.
715 1109 832 1175 Herod.
855 1111 886 1173 11
909 1110 951 1175 63
973 1116 1006 1174 et
1027 1110 1072 1174 IV
1097 1110 1167 1191 180,
1189 1113 1218 1176 2.
1242 1149 1284 1157 -

392 1214 411 1295 ξ
434 1211 476 1278 30
498 1217 630 1294 „posta
652 1212 748 1276 Belus
771 1211 910 1294 Neptuni
939 1211 1024 1277 filius
1045 1213 1152 1294 gladio
1173 1213 1384 1295 belligeratus

307 1321 367 1397 est,
391 1315 474 1379 unde
505 1314 620 1378 bellum
651 1325 701 1380 est
724 1315 873 1379 dictum.“
906 1313 1048 1380 cassiod.
1078 1334 1143 1379 nar.
1167 1316 1187 1379 l.
1210 1315 1231 1380 l.
1254 1325 1385 1396 „postea

307 1418 404 1483 Belus
425 1417 562 1482 ferreum
586 1418 726 1499 gladium
749 1418 871 1498 primus
893 1419 1054 1498 produxit,
1083 1436 1187 1499 aquo
1208 1426 1242 1484 et
1264 1419 1383 1484 bellum

306 1521 427 1602 placuit
443 1520 627 1586 nominari.“
644 1520 827 1585 vetustiora
842 1521 1024 1586 testimonia
1042 1539 1102 1585 non
1119 1522 1253 1602 repperi.
1268 1522 1382 1586 Belum

308 1623 359 1689 uel
382 1625 479 1688 Arem
509 1625 595 1704 apud
618 1622 767 1703 Assyrios
789 1622 1062 1688 bellicosissimum
1093 1642 1199 1706 regem
1230 1631 1264 1689 et
1287 1625 1382 1688 deum

307 1727 427 1790 cultum
459 1745 529 1791 esse
563 1725 660 1790 refert
690 1727 797 1791 Ioann.
822 1726 895 1790 Ant.
925 1724 963 1790 lr.
987 1726 1017 1790 5.
1047 1725 1248 1808 Etymologia
1271 1727 1384 1790 addita

308 1829 483 1894 Romamm
505 1829 615 1910 prodit
636 1835 808 1894 auctorem.
831 1865 873 1874 —

718 1983 800 2066 Hyg.
823 1982 886 2049 lab.
910 1983 981 2049 277.

392 2088 494 2168 §31³
525 2086 664 2168 „Parcae
696 2085 809 2150 Clotho
840 2087 991 2152 Lachesis
1021 2089 1160 2168 Atropos
1195 2087 1384 2151 inuenerunt

307 2190 434 2255 litteras
465 2189 605 2255 Graecas
634 2197 754 2270 septem
776 2189 796 2270 †
820 2189 982 2254 ABHTIY
997 2191 1047 2272 †.“
1091 2186 1303 2254 Difficillimus
1337 2196 1386 2255 est

307 2292 474 2357 intellectu
503 2293 599 2356 locus.
640 2292 758 2357 Parcas
790 2293 872 2358 enim
904 2311 1057 2374 nusquam
1080 2297 1256 2373 praeterea,
1288 2310 1327 2355 ne
1349 2294 1380 2357 in

309 2497 458 2576 tionibus,
480 2498 564 2562 inter
588 2497 766 2562 litterarum
797 2500 978 2564 inuentores
1002 2499 1175 2565 recensitas
1199 2497 1274 2561 uidi.
1307 2497 1383 2561 For-

308 2607 393 2665 tasse
424 2600 557 2680 cogitari
590 2601 692 2682 possit
722 2602 762 2665 de
792 2601 911 2666 Fatis
949 2601 1207 2668 Scribundis.
1250 2599 1383 2665 Romani

308 2704 390 2767 enim
424 2703 483 2767 has
515 2703 592 2768 deas
621 2702 783 2784 fingebant
812 2722 880 2768 esse
908 2704 1063 2782 librarias,
1092 2723 1174 2786 quae
1205 2703 1322 2767 iudicia
1345 2720 1382 2767 ac

309 2807 437 2870 numina
459 2807 587 2870 deorum
612 2805 728 2870 litteris
751 2809 948 2872 mandarent.
972 2807 1066 2870 Mart.
1090 2805 1197 2886 Capl
1220 2805 1262 2870 65
1283 2825 1313 2886 p.
1333 2804 1383 2886 19,

307 2912 327 2976 8
350 2909 459 2991 Eyss:
482 2907 617 2990 „Clotho
639 2927 714 2973 uero
737 2909 888 2973 Lachesis
911 2909 1120 2990 Atroposque,
1143 2910 1290 2988 quoniam
1313 2926 1383 2971 sen·

311 3013 430 3077 tentias
445 3010 531 3076 Iouis
547 3012 783 3093 orthographae
799 3012 904 3076 studio
919 3012 1065 3076 ueritatis
1081 3012 1251 3092 excipiunt,
1272 3015 1385 3092 utpote

308 3115 517 3180 librariae
540 3133 686 3196 superum
715 3115 910 3197 arabiuique,
941 3134 1011 3179 cum
1035 3120 1178 3179 senatum
1201 3113 1384 3194 curiamque

309 3218 453 3283 contrabi
476 3223 508 3282 et
530 3218 632 3299 ipsum
656 3218 829 3283 Tonantem
853 3219 975 3283 exuuiis
997 3219 1153 3284 indusiari
1175 3217 1300 3298 publice
1317 3233 1383 3280 cer·

308 3329 425 3400 nerent,
447 3326 574 3386 senatus
608 3322 640 3385 in
671 3328 743 3386 acta
774 3322 1021 3403 caelestiumque
1048 3321 1224 3386 consultum
1254 3319 1383 3384 stilos

308 3428 464 3490 acuunt
486 3439 688 3504 cerasque
711 3427 1000 3506 componunt“;
1024 3421 1380 3516 cl.l.l.189p.24,193

307 3528 414 3593 Pacat.
445 3545 555 3608 paneg.
588 3526 741 3593 Theodos.
774 3529 812 3593 18
835 3547 867 3608 p.
889 3528 962 3606 287,
987 3527 1026 3592 18
1049 3527 1182 3605 Baehr.;
1214 3543 1251 3589 ac
1274 3532 1381 3591 notum
1491 3529 1493 3534 ’

308 3637 367 3712 est,
390 3629 546 3711 quomodo
569 3629 704 3693 Ouidius
727 3638 801 3695 met.
816 3629 874 3696 XV
891 3631 953 3698 808
969 3648 1036 3713 sqq.
1061 3629 1255 3695 tabularium
1278 3647 1381 3692 rerum

308 3733 521 3815 descripserit,
543 3733 628 3815 quod
652 3733 755 3797 estin
780 3734 872 3798 tectis
896 3735 990 3799 trium
1014 3732 1197 3816 Parcarum,
1220 3731 1273 3797 ubi
1297 3731 1383 3799 inue-

308 3838 438 3902 niuntur
460 3835 579 3917 „incisa
601 3838 770 3900 adamante
793 3838 921 3918 perenni
945 3835 1033 3901 lata“
1056 3835 1270 3917 hominum1).
1300 3835 1384 3900 Hinc

396 3977 426 4054 1)
449 3977 543 4035 Locos
566 3972 639 4032 mihi
670 3974 908 4035 subministrauit
928 3976 1106 4034 Klausenius
1128 3971 1281 4038 Zeitschr.
1303 3973 1329 4056 f.
1353 3971 1383 4038 d.

309 4059 569 4128 Altertumswiss.
594 4063 674 4118 1840
698 4081 726 4136 p.
751 4066 811 4120 226
828 4081 871 4142 sq.
