3190 4882
637 370 908 436 237-

252 543 318 610 202
333 561 379 625 sq.
410 543 555 607 lamuero
593 541 879 615 heurematicorum
919 539 1036 606 studiis
1075 538 1176 604 multe
1207 538 1334 605 nomina

255 663 338 712 noua
359 643 557 713 conformata
579 649 663 726 sunt,
685 640 801 725 quibus
815 641 997 709 inuentores
1012 659 1116 708 rerum
1133 642 1333 724 quarundam

245 746 517 829 significarentur.
561 746 632 824 Quo
653 747 686 810 in
709 764 839 812 numero
872 752 947 810 sunt
984 743 1139 824 Sambyx:
1172 743 1212 810 cl.
1234 763 1333 827 supra

253 868 286 932 p.
307 851 365 930 21;
399 849 551 916 Gerasus:
582 848 666 932 Hyg.
695 847 757 915 fab.
780 849 845 915 274
867 848 886 931 ξ
910 851 946 928 1;
977 846 1115 913 Closter:
1146 846 1226 914 Plin.
1248 868 1279 914 n.
1302 849 1332 914 h.

254 951 317 1017 VH
333 951 395 1017 196
410 953 451 1034 1).
495 951 603 1033 Atque
617 953 659 1016 ad
673 951 757 1017 hanc
771 951 900 1034 quidem
915 951 1070 1017 rationem
1097 950 1194 1016 etiam
1217 950 1333 1017 heure·

253 1059 352 1137 mato,
373 1054 414 1120 de
428 1054 684 1138 quibusagitur,
706 1053 885 1118 reuocanda
900 1070 971 1118 esse
986 1053 1144 1118 uidentur.
1172 1048 1333 1141 Νώροπες

253 1159 336 1223 enim
366 1157 442 1223 alibi
480 1174 541 1222 non
572 1161 875 1237 commemorantur,
910 1155 1111 1222 notissimum
1142 1161 1250 1222 tamen
1282 1164 1332 1224 est

251 1259 369 1346 νᾶροψ
390 1257 596 1336 adiectiuum‚
618 1259 704 1339 quod
725 1258 812 1339 apud
827 1257 1001 1323 Homerum
1022 1278 1092 1325 curn
1114 1259 1235 1338 χαλκοῦ
1249 1278 1328 1325 noce

254 1361 402 1444 coniungi
424 1361 520 1426 solet:
553 1358 685 1440 1357&
713 1363 753 1422 H
769 1360 848 1440 206;
879 1367 918 1426 A
943 1362 999 1441 16;
1032 1367 1068 1426 N
1084 1361 1167 1443 406;
1199 1360 1232 1433 Ξ
1248 1363 1330 1441 383;

251 1463 392 1544 Η130;
420 1486 447 1526 ω
475 1464 548 1530 467.
578 1463 651 1530 500.
695 1463 787 1541 Quod
816 1480 886 1528 cum
915 1461 1077 1544 explicatu
1110 1462 1330 1530 difficillimum

251 1571 350 1646 esset,
390 1565 717 1648 heurematographus
755 1565 805 1631 nel
838 1567 1065 1646 grammaticus
1105 1566 1222 1647 aliquis
1262 1585 1330 1632 esse

198 1708 200 1712 -
244 1667 449 1752 gentilicium
472 1667 615 1749 coniecit,
637 1685 699 1749 qno
721 1685 834 1732 nomen
856 1668 1030 1734 incentoris
1051 1669 1102 1734 uel
1125 1669 1222 1752 regio,
1246 1670 1330 1735 unde

248 1767 369 1851 χαλκός
378 1770 571 1853 proueniret,
580 1770 775 1835 indicaretur
785 1768 838 1852 (cl.
846 1769 926 1850 p.32
934 1771 1007 1852 su).
1030 1771 1155 1837 Deinde
1166 1777 1203 1836 nt
1215 1790 1330 1856 epony—

251 1893 457 1904 —-——-

338 1961 369 2040 1)
392 1961 465 2020 Eius
495 1962 612 2036 generis
641 1962 830 2038 etymologiis
861 1963 991 2021 offensus
1022 1963 1227 2023 Eiohholtcius
1257 1984 1285 2040 p.
1311 1971 1329 2024 3

253 2046 408 2108 contendit
429 2051 497 2122 post
520 2047 689 2108 Aristotelis
712 2048 835 2128 eiusque
858 2047 1069 2125 discipulorum
1091 2055 1218 2108 aetatem
1233 2052 1330 2110 studia

248 2133 449 2194 heurematica
471 2133 564 2208 magis
586 2132 739 2211 magisque
761 2133 805 2192 ita
827 2153 890 2192 esse
913 2135 1081 2210 deprauata,
1105 2138 1139 2193 ut
1154 2125 1329 2212 εὑρημάτων

250 2237 344 2298 aeque
367 2237 401 2277 ec
422 2217 602 2292 θαυμασίων
623 2218 783 2294 scriptores
806 2219 938 2278 mirificis
959 2218 1188 2279 narratiunculis
1203 2221 1329 2300 ineptis-

250 2324 308 2383 que
329 2303 448 2362 fabellis
469 2303 561 2362 libros
584 2304 783 2382 complerent3
813 2305 898 2363 cuius
927 2305 1005 2363 modi
1037 2324 1128 2381 opera
1148 2305 1238 2365 etiem
1261 2307 1329 2366 Gel-

248 2390 322 2448 lium
351 2388 384 2447 in
414 2380 511 2447 animo
540 2389 689 2462 hahuisse,
723 2409 789 2448 eum
821 2390 852 2448 in
880 2392 972 2465 praef.
998 2389 1034 2450 N.
1059 2395 1095 2450 Δ.
1126 2389 1155 2468 (§
1188 2391 1221 2466 6)
1249 2393 1329 2452 inter

248 2474 349 2547 libros,
374 2474 425 2554 qui
448 2475 579 2547 „uariam
602 2479 632 2534 et
653 2474 815 2533 miscellam
846 2479 876 2534 et
898 2477 983 2555 quasi
1005 2476 1235 2536 confusaneam“
1258 2497 1327 2538 con·

249 2559 381 2619 tinerent
403 2561 576 2632 doctrinam,
608 2552 760 2637 εὑρήματα
790 2579 907 2641 quoque
941 2568 1198 2634 commemoraret;
1229 2583 1327 2639 porro,
1370 2561 1373 2567 ’

248 2650 283 2705 ut
304 2649 445 2704 mutatam
475 2645 506 2703 in
535 2645 665 2705 deterius
688 2647 1015 2722 heurematographiam
1038 2648 1238 2721 demonstret,
1270 2649 1327 2708 Lo·

246 2731 347 2790 beckii
369 2727 537 2812 (Aglaoph.
554 2751 582 2807 p.
601 2732 674 2806 167)
696 2732 797 2791 uerbis
817 2752 888 2791 usus
903 2733 1104 2807 reprehendit,
1127 2734 1206 2813 quod
1221 2736 1327 2793 heure-

250 2816 351 2875 matici
383 2818 470 2874 etiarn
501 2835 600 2875 earum
630 2835 728 2875 rerum
759 2822 893 2877 auctores
923 2817 1100 2878 nominatim
1131 2819 1326 2894 tradiderunt,

248 2920 344 2980 „quae
366 2920 432 2960 cum
462 2901 536 2977 ipsis
565 2903 629 2962 fere
659 2903 829 2963 hominibus
857 2908 945 2962 natae
974 2907 1070 2963 snnt“.
1115 2903 1326 2964 Verumtamen

214 3015 215 3021 1
249 2987 349 3046 omnia
369 2986 550 3046 Eiehholtaii
573 2995 759 3066 argumenta¹
777 2989 893 3047 cadunt.
938 2989 1069 3047 Primum
1093 2989 1172 3047 enim
1194 2991 1326 3051 eiusdem

245 3073 309 3130 iere
331 3074 409 3130 modi
425 3073 622 3150 etymologiae
647 3074 705 3132 iam
727 3075 805 3149 apud
820 3074 982 3133 Hesiodum
998 3073 1203 3148 reperiuntur:
1224 3076 1325 3152 theog.

248 3161 309 3214 233
325 3178 407 3237 sqq.;
439 3159 475 3218 fr.
501 3157 551 3232 77,
582 3158 619 3218 al.
649 3159 707 3236 (ed.
738 3158 852 3237 u.-F.);
884 3166 914 3218 et
935 3178 972 3217 ne
996 3160 1172 3219 Aristoteles
1205 3161 1326 3240 quidem

247 3243 320 3302 talia
339 3243 471 3320 respuit:
492 3244 529 3303 fr.
554 3249 616 3303 464
631 3244 668 3304 R.
691 3244 807 3303 Deinde
829 3243 916 3304 Gellii
941 3244 1038 3304 locum
1062 3264 1216 3322 perperam
1232 3247 1325 3306 inter·

248 3332 381 3404 prelatus
404 3333 450 3388 est
477 3329 525 3387 uir
554 3330 672 3401 doctus;
711 3329 761 3388 ille
792 3331 870 3389 enim
902 3349 963 3388 non
993 3330 1055 3406 agit
1084 3332 1141 3390 nisi
1174 3333 1211 3390 de
1240 3332 1324 3393 libris

246 3413 455 3487 conlectsncis,
481 3414 590 3494 quibus
622 3415 828 3474 memorabiles
850 3435 884 3475 ac
917 3416 1097 3476 multifariae
1126 3437 1174 3476 res
1206 3418 1255 3476 nel
1288 3420 1324 3476 ad

244 3499 440 3580 antiquitates
461 3500 510 3559 uel
539 3501 575 3558 ad
598 3501 818 3576 grammaticam
832 3502 1017 3578 pertinentes
1038 3507 1216 3575 tractentur3
1248 3501 1324 3561 nihil

246 3604 316 3660 ergo
338 3585 592 3661 inscriptionibus,
625 3605 697 3666 quas
713 3585 826 3647 Gellius
841 3592 985 3661 recenset,
1007 3607 1073 3647 eum
1097 3588 1202 3647 studiis
1217 3589 1324 3647 heure·-

244 3670 419 3730 maticorum
450 3689 605 3730 commune
635 3678 688 3733 est.
718 3673 804 3732 Adde
842 3675 920 3752 quod
950 3673 1068 3732 illorum
1103 3673 1259 3734 consilium
1290 3693 1324 3734 ao

243 3757 391 3815 rationem
420 3756 509 3833 plane
540 3776 599 3815 non
631 3758 782 3817 intellexit
811 3757 1034 3818 Eichholtcius:
1062 3758 1093 3817 id
1116 3759 1194 3816 enim
1216 3759 1323 3834 ipsum,

244 3842 323 3920 quod
346 3841 547 3920 exprobrauit,
569 3841 628 3901 iam
651 3843 801 3919 principes
823 3844 1089 3904 heuremeticorum
1104 3849 1324 3920 spectauerunt,

244 3927 322 3988 sicut
343 3928 539 4005 Theophrasti
561 3928 736 4004 fragmentis
759 3930 984 3990 demonstratur.
