3184 4886
686 429 900 497 ..pg-

250 604 309 667 sed
332 602 363 666 in
387 602 571 666 uniuersum
594 601 634 666 de
647 599 790 668 fontibus
805 599 978 667 Clementis
992 599 1216 683 disputauerit,
1232 620 1333 684 quae-

250 705 387 771 stionem
409 708 551 770 nostram
574 703 616 768 ad
639 705 805 769 certiorem
828 702 921 769 finem
944 704 1157 772 adducturum
1179 722 1259 770 esse.

622 1082 745 1176 caput
770 1083 956 1174 quintum.

335 1251 493 1332 Largam,
535 1266 630 1331 quam
664 1248 809 1315 Clemens
846 1247 1080 1315 Alexandrinus
1117 1257 1329 1334 congesserat,

250 1353 416 1419 materiem
441 1351 747 1434 compilatores
770 1351 900 1434 quidam
922 1351 1003 1419 lucri
1024 1351 1176 1419 iecerunt.

753 1487 812 1571 ει

334 1594 382 1657 Ac
407 1590 529 1672 primus
558 1590 685 1670 quidem
716 1589 927 1655 Eusebius
954 1590 1263 1672 Caesariensis,
1291 1599 1334 1673 ut*

246 1694 313 1760 alia
334 1692 437 1758 multa
459 1713 479 1757 a
502 1691 664 1758 Clemente
685 1697 851 1759 mutuatus
874 1699 932 1773 est,
954 1695 1001 1758 ita
1023 1699 1126 1759 totum
1149 1692 1217 1760 eius
1240 1697 1333 1790 cata-q

249 1798 355 1879 logum
379 1795 586 1862 barbarorum
603 1796 802 1862 inuentorem
817 1795 1089 1883 Praeparutioais
1110 1817 1225 1883 cauny.
1247 1783 1327 1862 li‘bro

248 1899 280 1966 X
301 1899 445 1964 inseruit.
491 1898 557 1964 Sed
579 1915 759 1979 quanquam
788 1899 857 1979 ipse
878 1900 909 1964 X
930 1899 961 1979 6,
985 1900 1025 1965 15
1046 1895 1181 1980 „retra
1212 1898 1334 1982 inquit,-

245 1995 433 2087 ῥήμασιν
465 1994 613 2077 αὐτοῖς
645 1994 663 2064 ὁ
691 1996 828 2088 Κλήμης
858 1997 893 2065 ἐν
925 2002 1184 2085 Σιρωματεῦσι“,
1219 2005 1325 2066 tamen

248 2103 377 2170 licentia
400 2102 641 2184 compilatorum
664 2121 741 2169 usus
763 2104 905 2168 ordinem
928 2102 1023 2186 plane
1038 2104 1185 2171 mutauit.
1218 2102 1327 2168 Voluit

247 2206 330 2272 enim
353 2225 417 2271 una
439 2224 511 2272 cum
532 2205 753 2284 heurematum
769 2208 969 2272 enarratione
990 2205 1132 2288 prolerre
1148 2205 1245 2272 etiam
1261 2206 1326 2271 dis·

249 2306 504 2391 putatiuuculam
535 2307 576 2370 de
604 2306 785 2389 alphabetis
815 2307 973 2375 Hebraico
990 2315 1028 2390 ¹et
1049 2309 1172 2404 Graeco
1192 2307 1334 2392 analio

246 2411 352 2493 aliquo
373 2408 460 2475 fonte
482 2409 671 2490 deriuatam,
694 2416 730 2475 ut
751 2429 815 2494 qua
844 2412 954 2478 eodem
978 2412 1107 2477 consilio
1130 2411 1334 2493 Graecorum¹

244 2513 423 2580 doctrinam
439 2511 585 2577 barbaris
600 2511 709 2577 deberi
725 2513 991 2596 comprobaretur.
1011 2514 1129 2595 ⁴litque
1144 2533 1215 2580 cum
1230 2511 1325 2578 iutel-

246 2615 378 2682 lexisset
399 2633 468 2680 eam
484 2620 617 2697 pmpter
631 2617 811 2698 argumenti
833 2617 1072 2682 similitudinem
1087 2621 1162 2698 apte
1177 2603 1325 2696 coniungi

244 2737 329 2786 cum:
349 2718 521 2784 Clementis
553 2718 572 2800 ξ
603 2717 653 2800 13,
685 2736 755 2783 curn
787 2718 904 2784 litteris
942 2709 1097 2800 inuentis,
1128 2725 1323 2802 tamennon

245 2823 407 2906 ignorauit
429 2841 467 2886 ea
489 2821 679 2902 interposita
704 2822 796 2892 male,
815 2822 1028 2904 interruptum
1054 2823 1095 2889 iri
1116 2820 1324 2904 heurematici

244 2923 382 3005 catalogi
403 2929 553 2990 tenorem.
597 2925 710 3007 Itaque
746 2923 1136 3008 Clementis§§13—lb
1169 2943 1209 2990 ex
1238 2923 1323 2989 indi-

244 3025 290 3092 cis
311 3028 394 3091 serie
423 3028 608 3108 desumptas
637 3027 728 3092 iuitio
757 3026 875 3093 locauit
905 3032 938 3093 et
965 3033 1134 3110 postquam
1162 3028 1193 3094 X
1220 3029 1251 3107 4,
1281 3026 1323 3092 33

242 3129 462 3212 quaestionem
477 3131 619 3195 instituit
633 3131 684 3196 his
699 3130 821 3198 uerbis:
836 3127 986 3212 „breim
1002 3180 1011 3196 .
1027 3181 1034 3196 .
1051 3133 1183 3214 πρώιον
1198 3127 1322 3209 δίελθε,

243 3223 293 3297 δι’
317 3219 521 3318 ὧνἝλληνες
541 3231 582 3298 τοὶ
606 3229 716 3298 πάντα
738 3231 945 3320 σεσολνροέναι
967 3229 1153 3320 βαρβάρους
1175 3226 1212 3298 οὐ
1234 3229 1322 3318 μόνα

243 3334 286 3401 τὰ
301 3329 472 3422 φιλόσοφοι
487 3333 678 3421 μαθήματα,
703 3329 858 3401 ἀλλὰκαὶ
874 3335 934 3413 τὰς
948 3333 1059 3413 κοινὰς
1073 3334 1130 3401 καὶ
1143 3336 1322 3423 βιωφελεῖς

242 3432 387 3524 εὑρέσεις
414 3429 678 3522 ἆοιελέγχονιαιίί,
710 3440 848 3520 primum
880 3439 976 3506 (ilem.
999 3441 1018 3523 ξ
1043 3441 1083 3507 13
1096 3439 1125 3524 ²)
1156 3438 1321 3521 paululum

243 3548 402 3608 mutatam
433 3558 496 3606 una
527 3559 597 3606 cum
627 3540 683 3606 illo
713 3542 754 3607 de
783 3541 901 3606 litteris
930 3560 1063 3609 excursu
1086 3541 1320 3625 transscripsit;

243 3644 358 3710 deindo
379 3645 411 3709 X
431 3645 462 3725 5,
486 3645 526 3708 12
558 3643 644 3710 hisce
675 3644 797 3710 uerbis:
827 3644 949 3724 »ταῦτα
980 3641 1041 3729 μὲν
1062 3637 1119 3711 οὖν
1152 3666 1211 3730 μοι
1241 3643 1321 3732 περὶ

242 3750 306 3811 τῶν
328 3742 468 3835 πρώτων
491 3742 659 3828 στοιχείων
680 3741 836 3834 εἰρήσθω.
859 3748 916 3835 τῆς
930 3739 965 3812 δ’
983 3739 1080 3835 αὐτῆς
1101 3742 1181 3836 ἡμῖν
1195 3742 1320 3814 ἱεροθέ-

259 3987 265 4000 ·
291 3989 314 4047 't
330 3905 360 3981 l)
382 3905 448 3964 Hoc
471 3905 542 4051 guia
563 3905 784 3965 Eichholtzium
804 3904 891 3980 fugit,
923 3906 1031 3965 nodum
1054 3905 1086 3963 in
1109 3905 1205 3980 scirpo
1229 3925 1321 3985 quae.

240 4008 299 4049 arm
324 4011 331 4047 :
354 4009 383 4067 p.
407 3998 468 4049 4-
493 4037 499 4050 ,

1323 4013 1328 4034 l
