3190 4882
727 414 919 483 ...ρὰ

288 573 474 669 εὓρημᾶτων
505 586 686 667 compositis
718 587 840 654 diserta
870 588 1052 655 testimonia
1074 587 1229 667 tribuunt,
1261 593 1367 652 tamen

288 692 417 752 exstant
446 688 532 768 apud
562 689 755 754 recentiores
785 689 925 756 Graecos
954 691 1175 772 Romanosque
1198 690 1368 771 scriptores

289 790 374 854 etin
398 790 622 855 anecdotorum
644 789 805 874 farragine
827 810 887 857 non
903 792 997 874 pauci
1019 791 1157 871 catalogi
1171 785 1369 877 εὑρημάτων,

288 892 342 973 qui
365 892 406 956 ad
429 893 645 972 quaestionem
677 894 718 958 de
747 895 864 959 studiis
887 902 1030 960 ueterum
1053 894 1281 959 heurcmaticis
1303 894 1367 958 dis·

288 993 478 1074 ceptandam
509 994 583 1076 quin
613 994 825 1060 adhibeantur
854 995 923 1061 fieri
953 1015 1013 1061 non
1045 1001 1159 1076 potest.
1203 995 1271 1060 Hos
1293 1013 1368 1059 uero

288 1096 449 1176 catalogos
487 1096 716 1162 Brnsskernius
753 1097 796 1182 (p.
831 1099 971 1178 23-30)
1002 1105 1034 1163 et
1073 1097 1291 1164 Eichholtzius
1321 1099 1367 1177 (p.

289 1199 414 1281 4-24)
446 1216 546 1278 neque
579 1206 729 1286 cunctos
748 1201 952 1281 conlegerunt
982 1217 1083 1279 neque
1112 1200 1191 1263 satis
1219 1206 1368 1266 accurate

288 1305 503 1366 excusserunt.
547 1301 659 1379 Denuo
679 1301 786 1384 ¹igitur
817 1303 851 1367 id
882 1320 998 1367 munus
1019 1301 1255 1381 suscipiendum
1278 1307 1368 1366 ratus

288 1403 348 1466 hoc
370 1403 569 1483 potissimum
593 1396 853 1486 mihiproposui,
876 1410 913 1469 ut
935 1405 966 1467 in
983 1408 1205 1485 argumentum
1227 1410 1260 1467 et
1275 1403 1369 1482 origi-

289 1523 360 1568 nem
383 1505 600 1586 catalogorum
624 1505 813 1586 inquirerem
837 1511 879 1585 et,
910 1526 985 1570 num
1018 1523 1081 1587 qua
1107 1503 1239 1569 fontium
1264 1523 1369 1571 neces-

289 1605 430 1672 situdinc
451 1608 534 1671 inter
555 1625 591 1672 se
606 1608 881 1689 coniungerentur,
903 1609 1135 1689 perspicerem3
1159 1616 1255 1688 atque
1277 1625 1370 1688 spero

290 1729 339 1774 me
361 1709 394 1772 in
416 1709 597 1774 tractandis
618 1709 771 1792 catalogis
793 1710 889 1788 etiam
913 1711 953 1774 de
975 1708 1097 1774 rationo
1111 1709 1369 1790 heurematogra·

290 1812 426 1892 phorum
449 1811 598 1876 nonnulla
620 1811 818 1893 prolaturum
842 1830 919 1890 esse,
949 1812 1065 1892 quibus
1095 1829 1177 1892 quae
1199 1810 1369 1876 Brussker-

291 1915 364 1979 nius
386 1913 431 1996 (p.
455 1914 595 1992 31-42)
619 1914 659 1978 de
681 1913 741 1979 hac
763 1933 798 1979 re
820 1914 988 1994 adnotauit
1010 1919 1085 1994 apte
1106 1913 1325 1995 suppleantur.

376 2016 566 2096 Priusquam
596 2021 705 2081 autom
742 2019 784 2081 ad
816 2035 895 2098 opus
925 2016 1124 2098 propositum
1155 2017 1370 2098 accingamur,

291 2137 491 2200 quaeramus,
514 2119 703 2201 quibusnam
719 2118 845 2184 indiciis
866 2137 905 2184 ea
920 2124 1158 2199 cognoscantur,
1180 2136 1262 2198 quae
1276 2137 1369 2199 prae·

293 2227 343 2286 ter
365 2239 469 2301 pauca
490 2221 546 2286 illa
567 2221 747 2302 fragmenta
769 2223 925 2303 expressis
955 2221 1061 2286 uerbis
1090 2226 1201 2285 notata
1221 2220 1311 2284 libris
1333 2243 1370 2283 π.

288 2318 352 2409 abp.
385 2323 595 2390 adscribenda
632 2325 704 2390 sint.
757 2323 964 2407 Nequaquam
1002 2324 1086 2389 enim
1119 2340 1371 2404 unumquemque

288 2427 402 2505 locum,
424 2443 486 2506 qno
510 2443 560 2490 res
582 2426 732 2491 inuentae
753 2435 933 2507 narrantur,
965 2426 1007 2490 ad
1030 2424 1282 2491 henromaticum
1306 2424 1374 2488 lon-

290 2533 355 2592 tcm
386 2545 536 2593 reuocare
564 2528 649 2607 licet,
679 2547 749 2594 cum
781 2529 937 2594 eiusmodi
970 2521 1134 2593 materiem
1166 2527 1199 2590 in
1228 2525 1374 2606 plurimis

291 2629 493 2694 dissimillimi
516 2630 695 2710 argumenti
716 2631 808 2695 libris
835 2630 903 2695 siue
926 2630 1063 2711 sparsim
1094 2633 1126 2692 et
1148 2627 1281 2693 fortuito
1304 2628 1371 2693 siue

290 2731 392 2797 fusius
414 2737 449 2796 et
469 2732 547 2797 data
569 2750 666 2813 opera
687 2737 859 2798 tractatam
882 2751 950 2798 csse
972 2730 1125 2796 elicisse
1147 2749 1322 2795 cernamus.

376 2836 423 2910 Aa
445 2835 582 2917 primum
598 2836 726 2918 quidem
742 2836 929 2901 monendum
945 2841 994 2900 est
1015 2852 1123 2898 omnes
1137 2831 1205 2897 iere
1220 2839 1330 2913 poetas
1343 2833 1373 2914 1)

292 2944 324 3002 ot
357 2956 470 3018 prosae
500 2938 652 3003 orationis
684 2938 856 3018 scriptores
890 2936 941 3002 hic
973 2936 1038 3001 illic
1070 2936 1233 3001 occasione
1266 2935 1374 3000 oblata

292 3146 453 3221 significari
476 3145 532 3202 nisi
555 3144 692 3217 indicem,
724 3165 782 3223 quo
814 3147 945 3203 omnium
975 3164 1073 3202 rerum
1092 3143 1135 3222 in
1166 3146 1229 3201 toto
1253 3141 1373 3219 Polybii

294 3249 383 3306 opere
406 3230 534 3288 maxime
556 3235 660 3289 notatu
684 3231 838 3304 dignarum
861 3227 1036 3304 conspectus
1051 3228 1251 3300 exhiberetur,
1275 3227 1375 3285 docuit

294 3316 450 3374 Nissenius
477 3313 567 3377 Mus,
599 3311 700 3377 Rhea.
722 3316 831 3374 XXVI
858 3317 946 3374 1871.
968 3335 996 3390 p.
1022 3315 1154 3392 atasq.;
1184 3315 1221 3372 of.
1251 3311 1374 3374 Waohs-

295 3401 440 3460 muthium
470 3397 562 3463 δίψά.
594 3418 635 3463 zu
664 3399 694 3462 d.
724 3419 769 3481 qr.
799 3397 835 3461 F
836 3399 953 3482 localeq.
989 3403 1080 3458 1882.
1110 3419 1138 3474 p.
1163 3399 1290 3472 47adn.‚
1323 3399 1372 3478 qui

293 3483 382 3564 „napi
404 3486 457 3542 τοῦ
480 3481 563 3567 (ποῦ)
586 3505 629 3552 τις
650 3487 677 3542 τί
700 3481 797 3563 ἐξεῦρε
819 3487 908 3546 scribi
930 3487 1022 3544 iubet.
1066 3484 1104 3542 In
1127 3484 1252 3542 eundem
1276 3489 1373 3542 autem

295 3589 425 3630 errorem
448 3577 537 3650 atque
560 3571 774 3630 Brusskernius
805 3572 894 3630 etiam
924 3571 1121 3630 Schneiderus
1142 3570 1248 3628 incidit
1275 3565 1374 3630 Galli-

295 3654 395 3719 moob.
417 3657 451 3714 11
478 3656 567 3714 rara.
591 3677 620 3732 p.
644 3660 684 3714 44
701 3658 767 3716 aon.

388 3743 416 3820 l)
439 3743 603 3800 Homerum
624 3745 723 3799 tamen
746 3741 886 3816 excipias,
911 3739 993 3799 nullo
1016 3741 1094 3798 enim
1118 3760 1218 3799 eorum
1235 3739 1374 3810 locorum,

296 3848 370 3906 quos
401 3827 606 3887 Eiohholtzins
636 3845 664 3900 p.
693 3833 705 3884 l
730 3825 869 3903 protulit:
893 3827 921 3882 Ε
945 3827 1024 3899 735;
1057 3827 1173 3898 1390;
1207 3819 1234 3886 Ξ
1256 3825 1374 3898 178;“η

299 3917 422 3982 110;“υ
447 3913 502 3984 723
535 3913 648 3982 §2333
681 3916 799 3985 olba,
832 3930 929 3991 neque
950 3912 1022 3970 alibi
1046 3917 1097 3970 aut
1118 3909 1302 3969 inuentionis
1325 3917 1377 3968 aut

296 3997 462 4056 inuentoris
484 3996 574 4056 ullius
596 3997 706 4056 mentio
729 3995 771 4056 fit.
