3184 4886
730 363 944 432 ..95..

385 537 405 620 ξ
426 535 467 603 51
491 556 561 603 nar.
583 535 628 602 XI
649 535 703 604 38.
725 534 916 617 ,fulcbrum
932 535 1027 619 plane
1048 551 1129 618 opus
1150 533 1185 614 (i.
1208 551 1241 608 e,
1258 534 1382 601 char·

301 639 384 723 tas)
408 639 564 723 Memphis
579 638 742 721 ingeniosa
756 639 911 722 concepit,
934 645 970 703 ut
985 639 1135 704 uniuersa
1150 636 1267 704 scrinis
1281 637 1384 702 uesti-

300 749 360 824 ret,
383 744 468 824 quod
492 743 585 808 unius
607 741 667 808 loci
691 741 782 807 labor
802 742 931 822 elegans
954 740 1128 806 texuisset‘
1142 741 1181 823 ¹).

739 998 945 1024 μ-*Τ-

658 1242 781 1335 capnt
805 1240 1019 1335 septimum.

385 1428 474 1492 Inter
495 1446 602 1493 omnes
632 1428 821 1511 quicumque
849 1431 986 1491 aetatem
1017 1423 1159 1490 tulerunt
1189 1417 1381 1510 εὑρημάτων

300 1529 462 1612 catalogos
483 1537 516 1595 et
537 1531 775 1597 uetustissimus
803 1539 837 1595 et
865 1528 1098 1611 copiosissimus
1120 1527 1207 1608 apud
1230 1525 1263 1592 0.
1289 1525 1381 1591 Pli-

300 1633 409 1697 nium
433 1633 663 1698 Secundum
686 1633 811 1714 legitur.
854 1630 953 1697 Cuius
975 1629 1099 1710 singula
1120 1628 1309 1695 beuremata
1325 1648 1379 1694 ao-

301 1743 411 1800 curate
439 1735 619 1800 examinare
650 1739 746 1815 atque
775 1733 936 1798 illustrare
965 1733 1186 1814 supersedebo,
1217 1751 1255 1798 ne
1278 1732 1379 1797 libelli

300 1839 360 1903 mei
383 1837 480 1903 moles
504 1838 596 1903 nimis
619 1841 806 1904 crescat-
838 1854 900 1900 non
921 1853 1055 1918 paruum
1083 1842 1191 1901 autem
1214 1854 1380 1900 numerum

299 1960 407 2006 eorum
429 1958 528 2022 supra
557 1941 676 2022 passim
708 1941 770 2004 iam
801 1939 939 2004 tractaui
963 1973 1011 2002 -.
1054 1936 1103 2001 De
1132 1936 1274 2003 lontibus
1304 1956 1381 2004 uero

300 2041 438 2124 catalogi
460 2042 535 2107 licet
550 2041 750 2108 Eichholtzio
762 2044 794 2122 ⁸)
818 2042 849 2105 in
865 2040 1047 2105 uniuersum
1062 2039 1191 2120 quidem
1206 2040 1380 2120 adsentiar,

267 2147 273 2160 “
301 2155 405 2210 tamen
429 2144 631 2226 quaestiones
661 2162 748 2211 meas
770 2149 940 2226 propterea
961 2141 1023 2207 non
1044 2142 1237 2207 omittendas
1259 2143 1376 2224 censui,

300 2249 386 2328 quod
408 2253 442 2312 et
463 2246 560 2312 aliam
583 2247 744 2330 ingressus
766 2264 836 2311 sum
860 2246 944 2310 uiam
967 2252 1000 2310 et
1021 2246 1052 2310 in
1069 2245 1293 2310 minutioribus
1308 2245 1378 2328 qui-

302 2350 437 2416 busdam
460 2348 554 2414 rebus
583 2349 626 2414 ad
647 2349 814 2414 certiorem
836 2345 930 2413 finem
951 2347 1133 2429 peruenisse
1156 2347 1233 2412 mihi
1256 2348 1377 2412 uideor.

299 2573 484 2646 indicauerit,
516 2572 547 2630 in
579 2573 663 2634 fonte
684 2573 861 2633 cassiodorii
892 2572 981 2632 etiam
1009 2578 1108 2631 cetera
1138 2580 1190 2633 out
1220 2578 1298 2634 certe
1321 2572 1381 2632 alia

301 2659 467 2720 Palamedis
489 2659 613 2718 inuenta
634 2665 752 2718 narrata
772 2659 864 2718 fuisse
886 2676 1000 2716 mecum
1023 2657 1159 2717 coniciet.

389 2743 418 2821 l)
449 2746 494 2805 cf.
516 2744 623 2804 Isidor.
646 2745 719 2820 orig.
744 2743 787 2803 vl
814 2749 859 2817 10,
886 2750 899 2802 l
925 2744 1218 2815 „chartarum'usum
1250 2743 1378 2821 primum

300 2834 457 2909 Aegyptus
492 2831 690 2908 ministrasit,
722 2837 859 2907 coeptum
893 2829 971 2905 apud
1010 2830 1230 2905 Memphitioam
1265 2830 1377 2890 urbem.

301 2916 451 2992 Memphis
472 2917 552 2975 eninr
575 2917 680 2976 ciuitas
702 2923 748 2976 est
770 2915 995 2994 Aegyptiorum,
1017 2915 1067 2971 ubi
1091 2917 1209 2975 chartae
1231 2935 1302 2976 usus
1317 2915 1378 2992 pri·

301 3022 380 3060 mum
402 3002 543 3062 inuentus
558 3006 633 3062 est.“
655 3003 814 3062 Praeterea
827 3001 906 3078 apud
920 2999 1136 3059 Cassiodorium
1158 3009 1294 3062 narratur
1309 3007 1378 3060 ante

301 3091 433 3147 chartam
455 3107 511 3147 usu
543 3094 692 3165 receptam
722 3086 969 3148 adscribendum
998 3086 1149 3147 adhibitus
1178 3106 1241 3148 esse
1263 3086 1378 3147 arboris

302 3180 413 3246 cortex,
436 3175 472 3232 de
495 3193 554 3252 quo
576 3193 684 3232 nomen
706 3173 775 3232 libri
798 3172 990 3232 deriuandum
1013 3171 1068 3231 sit:
1098 3173 1128 3230 id
1157 3174 1235 3253 quod
1266 3172 1377 3249 optime

302 3258 427 3339 quadrat
449 3260 484 3317 od
506 3259 619 3318 fontem
641 3259 870 3318 henrematicum
894 3255 944 3334 (cf.
967 3274 1056 3334 supra
1077 3278 1105 3335 p.
1122 3261 1185 3334 91).
1227 3259 1284 3317 Sed
1307 3278 1378 3318 oon·

301 3345 374 3405 cedo
396 3344 426 3402 in
451 3344 584 3421 epistola,
607 3364 666 3424 qua
688 3337 748 3422 εὕρ.
772 3344 950 3415 continetur,
971 3343 1066 3401 fusius
1088 3344 1125 3404 ds
1141 3344 1258 3406 chartae
1273 3351 1379 3404 natura

176 3421 188 3442 ⁹
302 3431 482 3506 disputatum
513 3449 585 3502 esse,
615 3430 660 3489 ita
680 3438 714 3489 nt
736 3421 797 3507 εὕρ.
822 3449 840 3487 a
861 3427 967 3488 ueiens
989 3429 1120 3490 inuentis
1143 3431 1309 3492 seiunctum
1339 3431 1375 3490 sd

233 3520 235 3525 ’
302 3516 391 3576 alium
413 3517 543 3595 aliquem
564 3515 677 3574 iontem
699 3516 831 3574 reuocari
853 3512 955 3590 possit,
979 3515 1151 3590 praesertim
1174 3534 1241 3574 cum
1264 3522 1376 3594 etymo-
1452 3521 1454 3526 '
1526 3507 1528 3525 '

300 3602 381 3678 logia
409 3601 463 3661 illa
489 3602 520 3660 in
554 3600 642 3659 simili
673 3620 788 3659 conexu
817 3601 942 3660 iteretur
968 3601 1004 3659 de
1034 3607 1088 3660 ort.
1119 3621 1153 3662 sc
1181 3602 1253 3662 disc.
1284 3603 1377 3678 praef.

302 3709 331 3766 p.
356 3685 450 3762 528b3
471 3692 570 3747 tamen
592 3687 789 3747 necessarium
812 3705 871 3744 non
894 3690 946 3746 esb

388 3773 419 3851 2)
449 3772 653 3833 Eichholtnius
682 3792 711 3848 p.
738 3777 861 3830 14-24
884 3773 920 3830 de
943 3771 1033 3830 Plinii
1056 3771 1189 3846 catalogo
1220 3773 1377 3848 disseruit3

302 3879 331 3936 p.
357 3863 395 3918 16
416 3858 588 3919 adnotsuit:
621 3858 767 3932 „Brunnii
796 3857 1034 3918 dissertationem
1052 3857 1100 3917 ·ds
1130 3857 1262 3919 fontibus
1285 3860 1377 3922 Plinii

303 3964 363 4006 non
385 3944 475 4006 uidi“.
