3190 4882
701 389 915 455 ..46-

267 559 494 644 philosophum
516 559 646 642 Tyrium
669 559 815 627 chronic.
836 557 977 642 paschal.
999 578 1031 642 p.
1048 559 1128 624 161ΰ
1150 559 1260 640 Migo„
1292 557 1350 622 nbi

267 661 484 745 Palaephatus
504 661 666 727 landatur.
689 697 731 708 -

352 765 372 848 ὅ
395 766 435 831 11
457 758 713 846 ‘Agriculturam
746 762 935 830 incoharnnt
959 754 1187 830 Athenienses?
1222 761 1353 842 Gerena

268 866 472 949 Triptolemo,
495 865 707 948 serpentibus,
733 864 826 932 Oeleo
855 866 1026 932 nominatis
1048 866 1222 949 Gregorius
1243 863 1346 945 mythi

268 971 349 1035 deae
370 968 553 1036 Eleusinios
583 967 733 1035 admonet
763 967 817 1050 (ct
838 986 884 1036 or.
906 969 958 1051 39,
980 970 1003 1033 4
1023 988 1054 1050 p.
1077 968 1192 1048 337b);
1222 985 1275 1033 res
1297 971 1353 1032 est.

268 1071 435 1138 tritissima
457 1078 491 1137 et
512 1070 698 1152 saepissime
720 1070 828 1137 Generi
858 1071 910 1136 nel
932 1070 1127 1152 Triptolemo
1150 1069 1346 1152 agdcnltnra

267 1175 398 1240 inuenta
419 1171 607 1240 attribuitur
622 1171 676 1255 (oi.
690 1173 774 1256 Hyg.
789 1174 808 1257 ξ
823 1174 867 1238 34
880 1172 952 1258 so).
984 1173 1080 1240 Icarii
1096 1191 1206 1240 uerum
1222 1171 1352 1238 nomine

267 1275 379 1343 addito
400 1276 469 1343 sine
490 1275 587 1343 dnbio
609 1277 677 1342 uini
719 1268 783 1361 εὕρ.
804 1275 1012 1359 significatur.
1056 1276 1119 1342 Hic
1139 1277 1223 1342 enirn
1244 1273 1349 1340 homi--

268 1397 325 1444 nes
346 1397 440 1445 usum
462 1379 570 1444 ninia
592 1377 719 1444 Baccho
741 1379 865 1460 accepti
888 1378 1032 1445 docuisse
1053 1377 1172 1445 fertur:
1203 1377 1242 1442 ct
1265 1375 1345 1441 Era-

271 1480 373 1547 tosth.
397 1499 448 1564 ap.
471 1479 575 1546 Schol.
590 1479 728 1546 Homll
748 1480 808 1562 293
831 1481 977 1564 Apollod.
999 1482 1075 1548 bibl.
1090 1482 1139 1547 III
1155 1481 1205 1562 14,
1229 1481 1267 1560 7;
1290 1477 1353 1556 alx,

267 1584 375 1666 ipsnm
405 1583 472 1648 nini
504 1588 699 1666 repertorem
729 1583 894 1666 appellant
925 1583 1071 1667 Propert
1102 1583 1216 1664 1133,
1243 1582 1284 1647 27
1314 1585 1347 1644 et

269 1685 374 1752 Schol.
390 1684 483 1752 Hom.
501 1690 531 1751 Σ
549 1684 612 1752 483
626 1685 743 1751 Townl.
774 1681 936 1769 Γεωργίας
956 1686 1057 1768 igitur
1077 1687 1240 1765 heurema,
1262 1683 1346 1766 qnod

267 1789 329 1855 hac
362 1789 381 1872 ξ
413 1787 664 1855 Atheniensibus
702 1788 906 1871 adsignatur,
942 1807 1003 1854 non
1035 1789 1137 1854 solum
1170 1789 1212 1853 ad
1244 1791 1351 1851 artem

269 1891 384 1958 arandi
407 1910 520 1973 agrum
542 1897 575 1956 et
605 1889 713 1971 fruges
735 1891 870 1972 serendi,
900 1892 959 1956 sed
987 1891 1080 1956 simnl
1103 1892 1145 1955 ad
1167 1889 1233 1956 nini
1255 1905 1346 1953 usum

269 1995 447 2076 uitiumque
470 1993 626 2060 culturam
649 1992 848 2059 referendum
877 1999 937 2075 est,
965 1994 1049 2059 unde
1071 1992 1261 2076 Gregorinm
1284 1991 1352 2054 duo

269 2097 458 2164 heuremata
480 2116 542 2162 nno
564 2096 618 2161 illo
640 2097 765 2162 nomine
786 2096 1063 2178 comprehendisse
1078 2093 1245 2164 efficiatur.
1261 2129 1304 2139 -

356 2201 375 2282 5
393 2201 434 2264 12
449 2193 628 2284 <νανπηγίοι
636 2198 887 2265 Atheniensibus
903 2191 1056 2266 debetur?
1078 2199 1185 2264 Nanos
1195 2197 1236 2262 ab
1248 2195 1351 2261 Athe·

269 2301 432 2368 niensibns
454 2303 567 2384 primis
598 2305 776 2368 exstructas
806 2319 876 2366 esse
897 2309 1066 2384 praeterea
1099 2302 1254 2366 neminem
1278 2298 1352 2362 nidi,

270 2407 532 2485 adseuerantem;
563 2405 628 2470 iam
658 2404 831 2471 scholiasta
854 2404 970 2488 (Nono.
991 2405 1008 2469 I
1029 2405 1085 2488 67)
1108 2403 1245 2470 coniecit
1265 2400 1347 2466 Gre-

269 2508 392 2590 gotium
415 2502 540 2589 „tepeo
562 2502 640 2590 περὶ
661 2508 718 2592 τῆς
733 2508 929 2594 ναυμαχικῆς
950 2503 1076 2592 τέχνης·
1099 2505 1256 2590 ναίμαχοι
1271 2493 1351 2566 ocorr’¹

269 2604 370 2696 ἄκρον
403 2601 597 2693 Ἀθηναῖοι·
635 2610 712 2672 ναῦν
750 2607 811 2695 γὰρ
848 2606 996 2693 λέγονται
1035 2608 1162 2696 πρῶτον
1198 2602 1353 2682 Φοίνικες·

265 2713 493 2798 ‘remptricem‘
522 2710 635 2798 τριήρη
658 2709 695 2775 δὲ
717 2706 737 2798 ἡ
760 2707 970 2795 Σεμίραμιςίί.
1012 2711 1079 2778 Nec
1101 2714 1166 2779 scio
1188 2730 1229 2776 an
1250 2708 1347 2775 Nazi-

269 2832 407 2881 anzenus
437 2813 469 2879 in
499 2813 587 2878 fonte
616 2813 732 2896 legerit
763 2821 883 2879 eertum
905 2815 1066 2895 quoddam
1094 2815 1126 2879 in
1156 2833 1191 2878 re
1220 2811 1347 2876 nautica

270 2917 436 2983 inuentum
459 2916 706 2983 Atheniensibus
728 2917 868 2983 adscribi
884 2953 925 2964 -
940 2917 1030 2983 uelut
1051 2919 1084 2983 in
1100 2916 1245 2982 Pliniana
1259 2918 1352 2980 eata--

270 3019 342 3100 logo
357 3019 434 3102 (VII
448 3018 527 3101 209)
543 3020 708 3102 hippegos,
730 3009 935 3102 harpagones,
951 3038 1063 3084 manus
1077 3040 1097 3086 a
1111 3017 1233 3086 Pericle
1248 3016 1352 3081 Athe·

272 3121 374 3185 niensi
395 3121 525 3189 inuenta
548 3122 698 3189 dicuntur
726 3157 779 3201 —-,
808 3122 869 3188 nisi
897 3119 981 3188 forte
1003 3123 1062 3190 hoc
1083 3117 1146 3208 ei'p.
1168 3139 1225 3186 sno
1247 3119 1349 3201 ipsius

270 3222 411 3306 periculo
433 3224 670 3292 coniectnuerit.
693 3261 735 3271 —

356 3325 376 3408 ξ
399 3324 440 3390 13
462 3318 515 3389 ‘cd
543 3328 703 3408 μυεῖσθαι
733 3325 787 3391 καί
815 3325 855 3391 τὸ
881 3329 975 3411 μυεῖν
1002 3325 1058 3391 καὶ
1087 3324 1126 3391 τὸ
1154 3320 1353 3412 θρησκεύειν·

270 3429 411 3494 Thraces
427 3429 612 3507 docuerunt,
626 3428 709 3494 sient
724 3431 916 3514 etymologia
931 3423 1104 3496 euincitur?
1128 3429 1167 3496 of.
1188 3429 1232 3495 ad
1245 3425 1347 3507 Tat.§

272 3532 323 3598 10.
368 3530 488 3611 Orphei
520 3546 631 3596 nomen
655 3531 828 3616 Gregorius
857 3533 918 3598 hoe
946 3535 1074 3616 quidem
1105 3533 1172 3598 loco
1195 3531 1349 3594 omissum

271 3633 439 3700 adnotauit
460 3650 504 3699 or.
520 3631 573 3714 39,
588 3633 609 3699 5
624 3653 654 3715 p.
671 3634 762 3716 340¹2,
786 3637 839 3701 ubi
862 3636 946 3700 idem
968 3631 1032 3721 cilo.
1054 3635 1194 3702 iterauit.
1216 3632 1350 3715 Etyma-

270 3737 387 3819 logiam
409 3737 542 3803 eandem
575 3736 741 3803 uenditant
763 3738 848 3804 Plut.
878 3737 967 3806 Alex.
990 3739 1021 3818 2,
1042 3739 1064 3804 5
1092 3745 1124 3803 et
1147 3735 1249 3802 Schol.
1271 3734 1351 3798 Eur,

271 3839 339 3906 Alc.
362 3837 435 3905 968.
463 3874 497 3886 -

358 3944 377 4023 ς
401 3942 442 4006 14
464 3935 517 4005 ‘nd
540 3937 634 4004 θύειν
657 3940 809 4007 Chaldaei
832 3941 885 4006 uel
901 3933 1035 4026 Cyprii'
1059 3941 1179 4028 θυτική
1200 3940 1351 4005 substan·
