3184 4886
682 429 892 511 ...99.n

249 612 290 676 de
312 604 509 695 agricultura
531 616 707 697 quaeritur,
727 616 895 685 interiecta
917 637 988 685 curn
1010 625 1124 686 neutro
1141 619 1207 686 ulta
1221 633 1329 689 neces·

249 715 388 780 situdine
410 715 580 784 cohaerent
601 724 699 800 atque
721 738 759 786 co
780 723 976 804 suspectiora
992 727 1076 804 sunt
1098 724 1183 804 quod
1201 725 1329 807 utrique

248 817 331 884 elius
359 826 488 900 praesto
517 827 567 886 est
597 821 684 887 locus
714 824 1066 890 accommodatissimus
1117 826 1199 891 Nam
1235 829 1254 910 ξ
1285 830 1327 896 58

249 922 511 1003 „uehiculum
544 943 614 990 oum
645 931 797 1008 quattuor
827 928 906 992 rotis
936 925 1143 1010 Phryges“
1167 929 1329 996 simillima

248 1029 298 1090 est
318 1026 338 1109 ξ
360 1026 402 1092 98
419 1045 466 1109 sq.
489 1027 633 1110 „bigas
653 1029 758 1111 prima
778 1030 882 1096 iunxit
902 1029 1108 1113 Phrygum
1131 1033 1228 1112 natio,
1248 1051 1328 1115 qua·

247 1127 356 1208 drigas
386 1129 634 1197 Erichthonium
664 1132 740 1214 (VII
762 1133 841 1217 202)
871 1139 905 1199 ct
926 1133 945 1216 ξ
967 1133 1010 1199 59
1039 1143 1327 1213 „mercaturas

247 1231 363 1298 Poeni“
394 1232 559 1312 aptissime
590 1234 739 1317 coniungi
769 1236 875 1318 potuit
906 1253 978 1301 cum
1007 1235 1027 1317 ξ
1051 1236 1067 1299 1
1102 1255 1260 1318 „emere
1282 1257 1326 1304 ac

246 1335 429 1401 uendere
451 1337 591 1402 instituit
612 1387 621 1402 .
644 1338 711 1420 .†.
738 1341 782 1420 .1)
803 1337 900 1404 Liber
915 1339 1036 1420 pater“.
1081 1337 1151 1415 Qua
1174 1341 1214 1406 de
1229 1358 1326 1406 causa

247 1456 306 1502 non
331 1439 402 1502 sine
421 1439 655 1520 probabilitate·
672 1442 861 1508 contendere
890 1439 965 1507 licet
995 1441 1074 1507 haec
1094 1441 1189 1507 ambo
1210 1442 1325 1508 heure·

246 1546 334 1606 rnatu
355 1561 376 1605 a
398 1541 512 1623 Plinio,
542 1561 612 1608 cunr
635 1543 716 1610 liber
744 1545 808 1609 iarn
838 1545 1036 1626 conscriptus
1065 1557 1168 1625 esset,
1199 1563 1239 1610 ex
1261 1545 1324 1612 alio

245 1643 352 1727 aliquo
375 1643 462 1710 fonte
484 1646 598 1711 addita
613 1665 692 1712 esse.
721 1646 854 1713 Constat
869 1649 953 1713 enlm
968 1648 1174 1714 interamnae
1188 1649 1323 1716 Plinium

245 1764 342 1829 opere
373 1746 518 1814 absoluto
550 1751 694 1832 exempla
723 1747 881 1830 conligere
912 1767 974 1814 non
1004 1748 1145 1830 desiisse,
1179 1759 1215 1817 ut
1242 1773 1324 1836 quae

244 1852 414 1934 scripserat
435 1850 654 1934 amplificaret,
676 1858 788 1934 postea
809 1862 927 1932 autem,
949 1871 1031 1933 quae
1052 1850 1105 1917 ille
1127 1854 1159 1917 iu
1181 1856 1324 1936 margine

244 1953 464 2033 adnotauerat,
486 1953 566 2020 lalso
581 1955 768 2038 plerumque
781 1955 849 2021 loco
865 1955 896 2020 in
912 1960 1035 2020 textum
1049 1955 1223 2036 irrepsisse
1256 1956 1286 2022 N
1288 1975 1323 2022 cc

245 2057 310 2121 scio
325 2076 367 2122 an
382 2057 460 2122 item
474 2057 559 2124 inter
580 2058 802 2140 supplementa
816 2059 957 2125 eiusdem
979 2057 1105 2139 generis
1126 2060 1322 2124 numeranda

243 2159 318 2240 sint,
340 2177 424 2242 quae
437 2178 550 2243 agmen
570 2161 770 2228 inuenturum
795 2160 956 2238 claudunt,
978 2161 997 2242 g
1021 2159 1083 2226 178
1098 2179 1161 2243 sq:
1185 2161 1322 2240 „animal

242 2262 360 2328 occidit
373 2263 496 2345 primus
511 2263 694 2347 Hyperbius
709 2262 931 2346 Martialium,
954 2261 1162 2329 Prometheus
1177 2265 1321 2343 bouem“‚

242 2366 390 2445 quoniam
407 2367 521 2430 mirum
537 2366 569 2431 in
585 2367 712 2431 modurn
728 2366 806 2432 haec
821 2365 1008 2432 heuremata
1029 2366 1075 2430 eis
1097 2367 1320 2448 adnectuntur,

239 2487 320 2550 quae
342 2471 385 2534 ad
408 2487 474 2534 retu
498 2468 643 2534 naualem
665 2468 827 2550 pertinent
848 2468 900 2550 (ἓξ
925 2468 1118 2550 143-177).

325 2574 413 2639 Haec
436 2573 637 2654 conliguntur
652 2592 691 2638 ex
705 2572 816 2637 ordine
831 2589 947 2638 rerum.
977 2569 1006 2636 N
1009 2589 1069 2636 unc
1084 2573 1318 2639 consideremus

239 2683 460 2759 argumentum
483 2677 598 2758 ipsum.
643 2677 690 2741 Ao
712 2673 914 2740 manifestum
945 2681 996 2739 est
1018 2675 1229 2740 narrationem
1250 2674 1318 2742 iere

238 2785 338 2845 totam
361 2779 465 2846 redire
487 2779 530 2844 ad
559 2779 760 2844 Graecam
790 2778 979 2844 doctrinam.
1022 2776 1148 2843 Etenim
1170 2776 1315 2860 plerique

237 2884 418 2949 incentores
448 2886 523 2946 sunt
557 2881 670 2947 Graeci
701 2886 760 2947 aut
788 2887 874 2946 certe
905 2880 1057 2945 Romanis
1086 2898 1144 2962 per
1176 2879 1316 2946 Graecos

236 2985 356 3068 cogniti
378 2980 485 3066 neque‘
509 2983 573 3048 ullo
603 2983 700 3048 uerbo
729 2989 807 3062 (una
836 3000 872 3048 re
893 2989 1036 3062 excepta,
1057 2982 1157 3066 ξφ)
1178 3000 1231 3048 res
1252 2983 1315 3050 Ro·

237 3107 348 3155 manae
363 3088 586 3170 respiciuntur,
601 3104 781 3170 quanquam
796 3085 828 3150 in
844 3083 998 3164 catalogis
1014 3090 1049 3151 et
1062 3083 1314 3158 Christianorum

236 3198 268 3257 et
291 3191 410 3274 Hygini
432 3191 587 3257 eiusmodi
616 3188 793 3272 compluria
821 3187 1104 3254 animaduertimus
1131 3195 1165 3256 et
1192 3188 1315 3256 Plinius

235 3295 305 3376 ipse
326 3297 366 3380 in
381 3295 495 3360 ceteris
508 3295 594 3360 fflst.
610 3293 688 3359 Nat.
703 3292 796 3358 libris
811 3309 957 3373 magnam
971 3291 1184 3357 Romanorum
1204 3293 1314 3360 inuen-

235 3405 339 3462 turum
362 3397 485 3480 copiam
500 3396 618 3462 litteris
633 3394 807 3462 mandauit
829 3394 952 3460 Deinde
974 3412 1076 3462 sermo
1097 3413 1222 3478 quoquc
1236 3413 1314 3460 non-

234 3499 329 3565 nullis
376 3500 453 3566 locis
490 3498 682 3566 Graecorum
729 3496 986 3565 consuetudinem
1026 3499 1120 3581 sapit.
1168 3497 1314 3578 Namque
1389 3528 1392 3534 ·

235 3602 331 3685 §118
353 3602 471 3685 legitur
492 3602 579 3686 „Pan
595 3603 764 3682 Mercuri“‚
786 3600 883 3683 §155
906 3601 1108 3680 „Demetrius
1131 3600 1311 3681 Antigoni‘,

324 3761 352 3836 l)
383 3719 457 3819 Hiat
486 3759 590 3836 procul
620 3759 710 3818 dubio
739 3759 789 3818 hic
816 3758 907 3832 locus,
938 3758 1082 3818 excidisse
1111 3755 1252 3816 uidentur
1281 3764 1313 3816 et

233 3866 341 3907 nomen
365 3844 503 3906 Mercurii
534 3851 565 3905 et
593 3845 749 3904 inuentum
778 3845 898 3924 aliquod
929 3844 1055 3904 Bacchi:
1085 3844 1122 3903 cf.
1146 3843 1309 3901 Osanniunr

232 3929 348 3997 Paitoi.
369 3931 427 3993 v11
444 3935 524 3990 raca
547 3951 575 4008 p.
593 3935 655 3989 aec
678 3930 900 3990 cudrulensium
915 3927 1004 3993 Aac.
1016 3925 1127 4009 philol.
1144 3927 1183 3986 tt
1200 3931 1310 4006 (rosa)

232 4039 261 4100 p.
285 4024 346 4078 488
370 4025 400 4079 et
428 4015 552 4081 Virdio.
574 4013 662 4081 Plc'n.
688 4021 768 4076 1866
791 4036 819 4093 p.
845 4021 915 4076 ltu.

1076 4114 1119 4182 7*
