3190 4882
722 373 912 441 „4-

276 549 459 628 posuemut,
490 545 585 612 certis
615 544 773 626 capitibus
801 545 920 612 multas
941 546 1110 628 uariasque
1132 565 1184 612 res
1206 543 1353 611 inuentus

280 655 520 713 enarrauerunt.
563 647 702 712 Maxime
723 647 926 714 Posidonium
956 648 988 712 in
1011 647 1211 735 Protreptico
1240 649 1354 713 heure-

278 749 522 832 matographum
545 749 707 814 exstitisse
729 769 747 814 e
769 749 908 815 Senecae
929 749 1022 831 epist.
1045 751 1088 816 90
1119 751 1271 817 discimus
1300 747 1353 830 (ci.

278 850 342 916 Cic
364 851 456 918 Tusa
480 849 569 932 125,
592 851 651 932 62;
674 851 702 915 V
725 853 755 932 2,
777 853 823 934 5).
866 852 947 918 Nam
972 858 1007 917 ut
1029 854 1260 918 demonstraret
1282 850 1353 932 phi·

278 953 454 1035 losophiam
491 972 562 1020 esse
592 953 709 1020 artium
748 955 974 1032 incentricem,
1005 955 1073 1036 oui,
1104 952 1353 1036 quibuscumque

278 1055 309 1120 in
333 1055 495 1121 cotidiano
524 1056 592 1121 uita
623 1057 734 1133 utitur,
764 1055 906 1120 homines
934 1055 1099 1137 deberent,
1129 1073 1188 1120 non
1219 1073 1354 1137 paruum

279 1176 444 1223 numerum
475 1177 577 1224 rerum
609 1158 810 1222 inuenturum
840 1157 985 1238 protulit,
1015 1158 1104 1224 uelut
1135 1162 1221 1223 tecta
1242 1155 1356 1235 moliri,

278 1259 472 1325 ferramenta
509 1258 647 1339 fabrilia,
679 1259 839 1340 malleum,
878 1258 1010 1338 forfices,
1042 1266 1143 1325 artem
1175 1258 1355 1337 textrinam,

277 1368 419 1428 aratrum
451 1361 587 1442 aliaque,
615 1381 696 1443 quae
727 1382 746 1427 a
775 1361 1047 1442 sapientibus
1077 1379 1147 1426 esse
1177 1360 1356 1442 excogitata

279 1464 452 1530 contendit.
505 1465 547 1529 Et
579 1465 761 1530 incentores
799 1481 924 1546 quoqne
957 1464 1042 1544 ipsos
1077 1464 1109 1528 in
1143 1463 1212 1528 eius
1247 1463 1356 1529 Protr.

263 1567 461 1632 'nominatim
484 1567 583 1633 luisse
605 1567 753 1632 laudatos
776 1567 888 1647 paucis
903 1573 989 1631 certe
1009 1565 1163 1648 exemplis
1184 1565 1355 1647 probatur:

278 1667 454 1734 Daedalum
485 1669 567 1733 enim
599 1687 736 1748 serram,
767 1668 1017 1735 Anacharsidem
1051 1674 1151 1732 rotam
1180 1666 1356 1747 figularem,

278 1773 494 1838 Democritum
525 1772 673 1839 fornicem
707 1774 826 1854 primos
854 1773 966 1837 iecisse
996 1771 1114 1838 Seneca
1145 1769 1283 1853 (ep90,
1308 1771 1355 1834 14.

278 1876 331 1941 31.
352 1874 409 1956 32)
431 1881 514 1940 teste
536 1873 723 1939 Posidonius
745 1875 898 1939 narrauit.
941 1874 1084 1956 Itemque
1115 1875 1177 1938 iam
1201 1873 1356 1937 Aristote-

280 1977 342 2041 lem
364 1977 396 2042 in
419 1976 526 2043 Protr.
549 1995 657 2042 omnes
678 1983 765 2042 artes
780 1977 1027 2058 disciplinasque
1049 1993 1067 2040 e
1089 1974 1288 2056 philosophia
1303 1976 1357 2037 de·

279 2080 413 2148 duxisse,
423 2080 641 2145 demonstrant
656 2078 850 2145 lamblichus
863 2082 893 2159 ¹)
908 2082 944 2142 et
957 2077 1088 2144 Proolus
1100 2076 1139 2156 ⁹).
1184 2077 1270 2158 Ergo
1285 2093 1358 2140 cum

278 2181 484 2247 Aristotelem
508 2186 541 2246 et
562 2181 765 2246 Posidonium
789 2181 963 2246 habeamus
986 2184 1096 2260 testes,
1119 2197 1181 2244 non
1203 2179 1270 2244 sine
1284 2196 1356 2259 pro·

278 2282 446 2349 habilitate
475 2282 632 2366 conligere
663 2283 752 2349 nobis
786 2283 930 2348 uidemur
963 2281 1060 2347 talem
1083 2305 1120 2346 rr.
1143 2275 1207 2367 εὕρ.
1229 2298 1357 2346 enarra·

276 2386 393 2452 tionem
409 2385 591 2450 sollemnem
604 2386 876 2452 Eubortotionum
897 2381 1001 2449 τόπον
1024 2385 1131 2451 luisse.
1166 2383 1354 2464 Quanquam

277 2488 412 2553 concedo
436 2507 497 2552 nou
521 2489 581 2553 nisi
603 2489 713 2570 paucis
745 2489 823 2554 locis
841 2488 1042 2554 Posidoniaui
1064 2487 1260 2570 Protreptici
1283 2502 1357 2550 auc-

278 2597 363 2655 tores
385 2590 540 2655 nominari
562 2610 667 2658 rerum
690 2592 910 2669 inuenturum
942 2590 998 2654 sed
1031 2594 1180 2670 excerpta
1201 2584 1355 2668 tenemus,

277 2712 338 2757 non
361 2691 502 2774 integros
523 2692 630 2759 libros.

362 2794 462 2860 Simili
486 2813 583 2861 causa
605 2796 738 2861 adducti
763 2795 786 2860 ii
815 2795 1026 2877 theologi,
1049 2813 1127 2878 quos
1149 2795 1356 2859 Euheme-

277 2897 415 2962 ristas
446 2914 559 2963 uocare
590 2897 736 2978 solemus,
763 2897 847 2962 idem
877 2907 1098 2979 argumentum
1126 2901 1355 2962 tractauerunt.

278 2999 422 3080 Namque
444 3017 515 3065 cum
537 3018 576 3065 ex
598 2999 736 3064 humano
751 3018 866 3079 genere
888 3017 952 3078 eos,
974 2999 1028 3080 qui
1044 2999 1096 3064 uel
1111 3000 1232 3063 uirtute
1254 2997 1355 3062 homi·

277 3100 369 3165 nibus
384 3101 577 3182 profuissent
587 3102 638 3168 uel
649 3103 787 3167 inuentis
799 3102 969 3167 humanam
982 3102 1082 3167 uitam
1095 3101 1304 3166 excoluissent
1316 3105 1356 3182 ³),

278 3203 310 3268 in
332 3203 474 3268 ordinem
496 3204 627 3270 deorum
650 3204 823 3270 translatos
845 3222 916 3272 esse
931 3206 1090 3278 docerent,
1111 3203 1208 3268 etiam
1224 3203 1356 3267 inuenta

277 3306 389 3370 horum
411 3306 541 3371 deorum
564 3324 658 3388 quam
681 3307 820 3388 plurima
849 3307 1004 3373 referrent
1034 3323 1160 3372 necesse
1189 3311 1267 3370 erat.
1313 3304 1356 3368 Et

275 3427 313 3484 re
347 3427 424 3472 uera
454 3408 536 3474 iuter
563 3409 665 3490 ipsius
696 3409 867 3474 Euhemeri
897 3407 1046 3490 reliquias
1076 3426 1138 3472 non
1169 3425 1271 3490 pauca
1300 3409 1355 3472 de-

367 3666 397 3745 1)
425 3662 593 3730 Oornmcat.
623 3663 758 3749 Pytbop.
791 3669 858 3728 111:
896 3668 1054 3727 Villoison.
1082 3664 1204 3730 Auecd.
1240 3663 1355 3729 Gracc.

282 3751 372 3812 1781.
394 3753 429 3812 11
450 3772 480 3829 p.
504 3755 576 3826 218,
594 3752 712 3832 27sqq.

366 3837 398 3914 a)
426 3833 541 3901 donau.
563 3837 600 3900 ia
619 3835 749 3902 Medd.
772 3858 802 3915 p.
826 3843 876 3910 aa,
903 3840 1003 3896 1-12
1027 3838 1135 3897 urion.

365 3927 395 3998 3)
419 3924 540 3984 lluhem.
563 3943 609 4001 ap.
632 3924 767 3984 Lactant.
790 3922 829 3987 dc
850 3921 904 3985 era
925 3921 977 3985 det
1002 3929 1036 3982 11
1062 3944 1090 3999 p.
1110 3929 1168 3983 190
1191 3925 1311 4001 Bipont.
