<?xml version="1.0" encoding="UTF-8"?>
<!DOCTYPE html PUBLIC "-//W3C//DTD XHTML 1.0 Transitional//EN"
    "http://www.w3.org/TR/xhtml1/DTD/xhtml1-transitional.dtd">
<html xmlns="http://www.w3.org/1999/xhtml" xml:lang="en" lang="en">
 <head>
  <title>
</title>
<meta http-equiv="Content-Type" content="text/html;charset=utf-8" />
  <meta name='ocr-system' content='tesseract 3.04.00' />
  <meta name='ocr-capabilities' content='ocr_page ocr_carea ocr_par ocr_line ocrx_word'/>
</head>
<body>
  <div class='ocr_page' id='page_1' title='image "./decatalogisheur01kremgoog_0062.png"; bbox 0 0 3190 4882; ppageno 0'>
   <div class='ocr_carea' id='block_1_1' title="bbox 660 401 869 466">
    <p class='ocr_par' dir='ltr' id='par_1_1' title="bbox 660 401 869 466">
     <span class='ocr_line' id='line_1_1' title="bbox 660 401 869 466; baseline 0.01 -21"><span class='ocrx_word' id='word_1_1' title='bbox 660 401 869 466; x_wconf 79' lang='grc'>..47-</span> 
     </span>
    </p>
   </div>
   <div class='ocr_carea' id='block_1_2' title="bbox 230 569 1315 1172">
    <p class='ocr_par' dir='ltr' id='par_1_2' title="bbox 230 569 1315 1172">
     <span class='ocr_line' id='line_1_2' title="bbox 230 569 1315 654; baseline 0.003 -17"><span class='ocrx_word' id='word_1_2' title='bbox 230 571 349 652; x_wconf 70' lang='grc' dir='ltr'><strong>1ὶιιυω,</strong></span> <span class='ocrx_word' id='word_1_3' title='bbox 366 571 452 654; x_wconf 92' lang='lat' dir='ltr'><strong>quod</strong></span> <span class='ocrx_word' id='word_1_4' title='bbox 474 569 544 636; x_wconf 90' lang='lat' dir='ltr'><strong>Tat.</strong></span> <span class='ocrx_word' id='word_1_5' title='bbox 567 570 623 653; x_wconf 77' lang='lat'><strong>§4</strong></span> <span class='ocrx_word' id='word_1_6' title='bbox 645 576 678 636; x_wconf 90' lang='lat' dir='ltr'><strong>et</strong></span> <span class='ocrx_word' id='word_1_7' title='bbox 701 569 797 636; x_wconf 79' lang='lat' dir='ltr'><strong>clem.</strong></span> <span class='ocrx_word' id='word_1_8' title='bbox 821 571 874 654; x_wconf 78' lang='lat'><strong>§8</strong></span> <span class='ocrx_word' id='word_1_9' title='bbox 897 571 1057 652; x_wconf 81' lang='lat' dir='ltr'>exhibent,</span> <span class='ocrx_word' id='word_1_10' title='bbox 1080 579 1190 640; x_wconf 91' lang='lat' dir='ltr'><strong>noster</strong></span> <span class='ocrx_word' id='word_1_11' title='bbox 1211 593 1229 640; x_wconf 91' lang='lat' dir='ltr'><strong>o</strong></span> <span class='ocrx_word' id='word_1_12' title='bbox 1251 593 1315 641; x_wconf 85' lang='lat' dir='ltr'><strong>sua</strong></span> 
     </span>
     <span class='ocr_line' id='line_1_3' title="bbox 230 670 1314 760; baseline 0.006 -22"><span class='ocrx_word' id='word_1_13' title='bbox 230 673 398 740; x_wconf 89' lang='lat' dir='ltr'><strong>uoluntate</strong></span> <span class='ocrx_word' id='word_1_14' title='bbox 428 675 558 740; x_wconf 90' lang='lat' dir='ltr'><strong>uidetur</strong></span> <span class='ocrx_word' id='word_1_15' title='bbox 587 675 764 740; x_wconf 87' lang='lat' dir='ltr'><strong>mutauisse</strong></span> <span class='ocrx_word' id='word_1_16' title='bbox 791 675 824 740; x_wconf 94' lang='lat' dir='ltr'><strong>in</strong></span> <span class='ocrx_word' id='word_1_17' title='bbox 854 670 949 740; x_wconf 76' lang='grc' dir='ltr'><em>θύειν</em></span> <span class='ocrx_word' id='word_1_18' title='bbox 978 674 1171 742; x_wconf 90' lang='lat' dir='ltr'><strong>infinitiunm</strong></span> <span class='ocrx_word' id='word_1_19' title='bbox 1186 677 1236 760; x_wconf 78' lang='lat'><strong>¹),</strong></span> <span class='ocrx_word' id='word_1_20' title='bbox 1273 687 1314 745; x_wconf 89' lang='lat' dir='ltr'><strong>nt</strong></span> 
     </span>
     <span class='ocr_line' id='line_1_4' title="bbox 230 775 1310 864; baseline 0.006 -24"><span class='ocrx_word' id='word_1_21' title='bbox 230 775 375 841; x_wconf 88' lang='lat' dir='ltr'><strong>membra</strong></span> <span class='ocrx_word' id='word_1_22' title='bbox 396 777 591 843; x_wconf 81' lang='lat' dir='ltr'><strong>narrationis</strong></span> <span class='ocrx_word' id='word_1_23' title='bbox 613 777 767 843; x_wconf 91' lang='lat' dir='ltr'><strong>concinna</strong></span> <span class='ocrx_word' id='word_1_24' title='bbox 788 778 949 845; x_wconf 90' lang='lat' dir='ltr'><strong>redderet.</strong></span> <span class='ocrx_word' id='word_1_25' title='bbox 987 780 1021 864; x_wconf 84' lang='lat' dir='ltr'><strong>a)</strong></span> <span class='ocrx_word' id='word_1_26' title='bbox 1044 779 1225 846; x_wconf 86' lang='lat' dir='ltr'><strong>Chaldaeos</strong></span> <span class='ocrx_word' id='word_1_27' title='bbox 1246 781 1310 847; x_wconf 88' lang='lat' dir='ltr'><strong>iarn</strong></span> 
     </span>
     <span class='ocr_line' id='line_1_5' title="bbox 231 878 1314 949; baseline 0.006 -6"><span class='ocrx_word' id='word_1_28' title='bbox 231 878 350 944; x_wconf 85' lang='lat' dir='ltr'><strong>Herod.</strong></span> <span class='ocrx_word' id='word_1_29' title='bbox 378 879 396 944; x_wconf 90' lang='lat' dir='ltr'><strong>l</strong></span> <span class='ocrx_word' id='word_1_30' title='bbox 428 880 488 947; x_wconf 92' lang='lat'><strong>181</strong></span> <span class='ocrx_word' id='word_1_31' title='bbox 512 886 545 945; x_wconf 92' lang='lat' dir='ltr'><strong>et</strong></span> <span class='ocrx_word' id='word_1_32' title='bbox 574 881 636 947; x_wconf 85' lang='grc'><strong>183</strong></span> <span class='ocrx_word' id='word_1_33' title='bbox 665 881 849 947; x_wconf 72' lang='lat' dir='ltr'><strong>sacerdotes</strong></span> <span class='ocrx_word' id='word_1_34' title='bbox 878 880 1003 948; x_wconf 82' lang='lat' dir='ltr'><strong>inducit</strong></span> <span class='ocrx_word' id='word_1_35' title='bbox 1033 900 1071 947; x_wconf 89' lang='lat' dir='ltr'><strong>ac</strong></span> <span class='ocrx_word' id='word_1_36' title='bbox 1098 882 1190 948; x_wconf 87' lang='lat' dir='ltr'><strong>Diod.</strong></span> <span class='ocrx_word' id='word_1_37' title='bbox 1213 883 1247 948; x_wconf 90' lang='lat'><strong>11</strong></span> <span class='ocrx_word' id='word_1_38' title='bbox 1267 884 1314 949; x_wconf 81' lang='lat'><strong>29</strong></span> 
     </span>
     <span class='ocr_line' id='line_1_6' title="bbox 231 982 1311 1067; baseline 0.006 -21"><span class='ocrx_word' id='word_1_39' title='bbox 231 999 339 1046; x_wconf 89' lang='lat' dir='ltr'><strong>eorum</strong></span> <span class='ocrx_word' id='word_1_40' title='bbox 369 982 578 1049; x_wconf 87' lang='lat' dir='ltr'><strong>diuinationis</strong></span> <span class='ocrx_word' id='word_1_41' title='bbox 604 983 748 1050; x_wconf 90' lang='lat' dir='ltr'><strong>studium</strong></span> <span class='ocrx_word' id='word_1_42' title='bbox 778 984 1018 1067; x_wconf 80' lang='lat' dir='ltr'><strong>doctrinamque</strong></span> <span class='ocrx_word' id='word_1_43' title='bbox 1045 984 1227 1052; x_wconf 89' lang='lat' dir='ltr'><strong>describens</strong></span> <span class='ocrx_word' id='word_1_44' title='bbox 1256 1005 1311 1053; x_wconf 92' lang='lat' dir='ltr'><strong>ecs</strong></span> 
     </span>
     <span class='ocr_line' id='line_1_7' title="bbox 230 1082 1315 1172; baseline 0.003 -23"><span class='ocrx_word' id='word_1_45' title='bbox 230 1084 331 1150; x_wconf 79' lang='lat' dir='ltr'><strong>refert</strong></span> <span class='ocrx_word' id='word_1_46' title='bbox 345 1085 501 1151; x_wconf 83' lang='lat' dir='ltr'><strong>uaticinia</strong></span> <span class='ocrx_word' id='word_1_47' title='bbox 515 1085 619 1152; x_wconf 87' lang='lat' dir='ltr'><strong>fecere</strong></span> <span class='ocrx_word' id='word_1_48' title='bbox 633 1089 852 1172; x_wconf 76' lang='grc' dir='ltr'><strong>,,καοαρμοῖς,</strong></span> <span class='ocrx_word' id='word_1_49' title='bbox 867 1091 921 1151; x_wconf 67' lang='lat' dir='ltr'><strong>do</strong></span> <span class='ocrx_word' id='word_1_50' title='bbox 932 1107 953 1150; x_wconf 88' lang='lat' dir='ltr'><strong>o</strong></span> <span class='ocrx_word' id='word_1_51' title='bbox 963 1082 1002 1150; x_wconf 86' lang='grc' dir='ltr'><strong>ία</strong></span> <span class='ocrx_word' id='word_1_52' title='bbox 1012 1110 1025 1150; x_wconf 87' lang='grc' dir='ltr'><em>ι</em></span> <span class='ocrx_word' id='word_1_53' title='bbox 1037 1109 1069 1168; x_wconf 84' lang='grc' dir='ltr'><strong>ς,</strong></span> <span class='ocrx_word' id='word_1_54' title='bbox 1093 1082 1209 1165; x_wconf 68' lang='grc' dir='ltr'><em>ἄλλαις</em></span> <span class='ocrx_word' id='word_1_55' title='bbox 1223 1086 1315 1153; x_wconf 77' lang='grc' dir='ltr'><strong><em>τισὶν</em></strong></span> 
     </span>
    </p>
   </div>
   <div class='ocr_carea' id='block_1_3' title="bbox 229 1181 1401 3532">
    <p class='ocr_par' dir='ltr' id='par_1_3' title="bbox 229 1181 1310 1476">
     <span class='ocr_line' id='line_1_8' title="bbox 231 1181 1310 1276; baseline 0.004 -26"><span class='ocrx_word' id='word_1_56' title='bbox 231 1181 410 1272; x_wconf 46' lang='grc' dir='ltr'><strong><em>ἑπῳδαῑςιι,</em></strong></span> <span class='ocrx_word' id='word_1_57' title='bbox 433 1188 549 1271; x_wconf 89' lang='lat' dir='ltr'><strong>quibus</strong></span> <span class='ocrx_word' id='word_1_58' title='bbox 564 1189 672 1254; x_wconf 90' lang='lat' dir='ltr'><strong>uerbis</strong></span> <span class='ocrx_word' id='word_1_59' title='bbox 687 1189 850 1271; x_wconf 86' lang='lat' dir='ltr'><strong>adiungit:</strong></span> <span class='ocrx_word' id='word_1_60' title='bbox 873 1183 954 1270; x_wconf 78' lang='lat' dir='ltr'><strong>„oda</strong></span> <span class='ocrx_word' id='word_1_61' title='bbox 973 1181 1109 1276; x_wconf 80' lang='grc' dir='ltr'><em>ἀσόφως</em></span> <span class='ocrx_word' id='word_1_62' title='bbox 1124 1188 1162 1256; x_wconf 77' lang='grc' dir='ltr'><strong>δὲ</strong></span> <span class='ocrx_word' id='word_1_63' title='bbox 1177 1194 1310 1256; x_wconf 74' lang='grc' dir='ltr'><strong><em>ποιοῦν-</em></strong></span> 
     </span>
     <span class='ocr_line' id='line_1_9' title="bbox 229 1287 1307 1379; baseline 0.006 -25"><span class='ocrx_word' id='word_1_64' title='bbox 229 1312 285 1355; x_wconf 82' lang='grc' dir='ltr'><strong>ται</strong></span> <span class='ocrx_word' id='word_1_65' title='bbox 306 1289 364 1356; x_wconf 85' lang='grc' dir='ltr'><strong>καὶ</strong></span> <span class='ocrx_word' id='word_1_66' title='bbox 386 1288 428 1356; x_wconf 80' lang='grc' dir='ltr'><strong>τὰ</strong></span> <span class='ocrx_word' id='word_1_67' title='bbox 459 1289 538 1376; x_wconf 82' lang='grc' dir='ltr'><em>περὶ</em></span> <span class='ocrx_word' id='word_1_68' title='bbox 566 1289 624 1379; x_wconf 78' lang='grc' dir='ltr'><strong>τὴν</strong></span> <span class='ocrx_word' id='word_1_69' title='bbox 647 1287 888 1377; x_wconf 72' lang='grc' dir='ltr'><strong>ἱεροσκοπίαν“.</strong></span> <span class='ocrx_word' id='word_1_70' title='bbox 919 1329 959 1338; x_wconf 84' lang='grc'><strong>-</strong></span> <span class='ocrx_word' id='word_1_71' title='bbox 992 1293 1025 1375; x_wconf 90' lang='lat' dir='ltr'><strong>b)</strong></span> <span class='ocrx_word' id='word_1_72' title='bbox 1047 1294 1097 1359; x_wconf 91' lang='lat' dir='ltr'><strong>De</strong></span> <span class='ocrx_word' id='word_1_73' title='bbox 1119 1293 1247 1378; x_wconf 83' lang='lat' dir='ltr'><strong>Cypriis</strong></span> <span class='ocrx_word' id='word_1_74' title='bbox 1268 1293 1307 1361; x_wconf 84' lang='lat' dir='ltr'><strong>cf.</strong></span> 
     </span>
     <span class='ocr_line' id='line_1_10' title="bbox 230 1393 526 1476; baseline 0.007 -18"><span class='ocrx_word' id='word_1_75' title='bbox 230 1393 273 1458; x_wconf 90' lang='lat' dir='ltr'><strong>ad</strong></span> <span class='ocrx_word' id='word_1_76' title='bbox 296 1393 366 1460; x_wconf 88' lang='lat' dir='ltr'><strong>Tat.</strong></span> <span class='ocrx_word' id='word_1_77' title='bbox 389 1394 408 1476; x_wconf 65' lang='grc' dir='ltr'>ξ</span> <span class='ocrx_word' id='word_1_78' title='bbox 430 1394 460 1460; x_wconf 87' lang='grc'><strong>4.</strong></span> <span class='ocrx_word' id='word_1_79' title='bbox 483 1431 526 1442; x_wconf 96' lang='grc'>-</span> 
     </span>
    </p>

    <p class='ocr_par' dir='ltr' id='par_1_4' title="bbox 231 1495 1384 1974">
     <span class='ocr_line' id='line_1_11' title="bbox 318 1495 1309 1580; baseline 0.001 -18"><span class='ocrx_word' id='word_1_80' title='bbox 318 1495 448 1562; x_wconf 81' lang='lat' dir='ltr'><strong>Ceteras</strong></span> <span class='ocrx_word' id='word_1_81' title='bbox 476 1503 582 1564; x_wconf 92' lang='lat' dir='ltr'><strong>autem</strong></span> <span class='ocrx_word' id='word_1_82' title='bbox 612 1496 835 1580; x_wconf 86' lang='lat' dir='ltr'><strong>paragraphus</strong></span> <span class='ocrx_word' id='word_1_83' title='bbox 865 1497 977 1563; x_wconf 91' lang='lat' dir='ltr'><strong>iisdem</strong></span> <span class='ocrx_word' id='word_1_84' title='bbox 1008 1498 1076 1565; x_wconf 88' lang='lat' dir='ltr'><strong>lere</strong></span> <span class='ocrx_word' id='word_1_85' title='bbox 1106 1499 1216 1565; x_wconf 91' lang='lat' dir='ltr'><strong>uerbis</strong></span> <span class='ocrx_word' id='word_1_86' title='bbox 1245 1499 1309 1564; x_wconf 88' lang='lat' dir='ltr'><strong>iam</strong></span> 
     </span>
     <span class='ocr_line' id='line_1_12' title="bbox 231 1599 1314 1684; baseline 0.001 -19"><span class='ocrx_word' id='word_1_87' title='bbox 231 1599 366 1680; x_wconf 90' lang='lat' dir='ltr'><strong>legimus</strong></span> <span class='ocrx_word' id='word_1_88' title='bbox 389 1600 476 1680; x_wconf 87' lang='lat' dir='ltr'><strong>apud</strong></span> <span class='ocrx_word' id='word_1_89' title='bbox 492 1599 679 1667; x_wconf 88' lang='lat' dir='ltr'><strong>Tatiannm:</strong></span> <span class='ocrx_word' id='word_1_90' title='bbox 703 1599 834 1683; x_wconf 86' lang='lat' dir='ltr'><strong>Gregor.</strong></span> <span class='ocrx_word' id='word_1_91' title='bbox 857 1600 911 1684; x_wconf 80' lang='lat'><strong>§9</strong></span> <span class='ocrx_word' id='word_1_92' title='bbox 933 1631 976 1654; x_wconf 88' lang='lat'><em>=</em></span> <span class='ocrx_word' id='word_1_93' title='bbox 999 1601 1068 1668; x_wconf 84' lang='lat' dir='ltr'><strong>Tot</strong></span> <span class='ocrx_word' id='word_1_94' title='bbox 1091 1603 1110 1684; x_wconf 63' lang='grc' dir='ltr'>ξ</span> <span class='ocrx_word' id='word_1_95' title='bbox 1135 1603 1190 1681; x_wconf 90' lang='grc'><strong>16;</strong></span> <span class='ocrx_word' id='word_1_96' title='bbox 1213 1601 1252 1667; x_wconf 88' lang='lat' dir='ltr'><strong>G.</strong></span> <span class='ocrx_word' id='word_1_97' title='bbox 1269 1600 1314 1667; x_wconf 74' lang='grc'><strong>15</strong></span> 
     </span>
     <span class='ocr_line' id='line_1_13' title="bbox 231 1700 1313 1787; baseline 0.004 -21"><span class='ocrx_word' id='word_1_98' title='bbox 231 1731 274 1756; x_wconf 88' lang='lat'><em>=</em></span> <span class='ocrx_word' id='word_1_99' title='bbox 296 1701 331 1768; x_wconf 90' lang='lat' dir='ltr'><strong>T.</strong></span> <span class='ocrx_word' id='word_1_100' title='bbox 353 1700 392 1782; x_wconf 82' lang='lat'><strong>5;</strong></span> <span class='ocrx_word' id='word_1_101' title='bbox 415 1702 454 1768; x_wconf 87' lang='lat' dir='ltr'><strong>G.</strong></span> <span class='ocrx_word' id='word_1_102' title='bbox 478 1705 582 1769; x_wconf 84' lang='lat'><strong>16=</strong></span> <span class='ocrx_word' id='word_1_103' title='bbox 604 1703 640 1770; x_wconf 87' lang='lat' dir='ltr'><strong>T.</strong></span> <span class='ocrx_word' id='word_1_104' title='bbox 664 1705 702 1782; x_wconf 78' lang='lat'><strong>73</strong></span> <span class='ocrx_word' id='word_1_105' title='bbox 725 1703 763 1769; x_wconf 87' lang='lat' dir='ltr'><strong>G.</strong></span> <span class='ocrx_word' id='word_1_106' title='bbox 789 1705 827 1769; x_wconf 83' lang='lat' dir='ltr'><strong>ll</strong></span> <span class='ocrx_word' id='word_1_107' title='bbox 851 1703 951 1768; x_wconf 87' lang='lat' dir='ltr'><strong>=T.</strong></span> <span class='ocrx_word' id='word_1_108' title='bbox 974 1702 1015 1786; x_wconf 90' lang='grc'><strong>6;</strong></span> <span class='ocrx_word' id='word_1_109' title='bbox 1038 1703 1133 1770; x_wconf 90' lang='lat' dir='ltr'><strong>G.18</strong></span> <span class='ocrx_word' id='word_1_110' title='bbox 1155 1704 1313 1787; x_wconf 79' lang='lat' dir='ltr'><strong>=T.l;.</strong></span> 
     </span>
     <span class='ocr_line' id='line_1_14' title="bbox 231 1804 1308 1889; baseline 0.003 -19"><span class='ocrx_word' id='word_1_111' title='bbox 231 1804 269 1870; x_wconf 89' lang='lat' dir='ltr'><strong>G.</strong></span> <span class='ocrx_word' id='word_1_112' title='bbox 294 1805 335 1872; x_wconf 87' lang='lat'><strong>19</strong></span> <span class='ocrx_word' id='word_1_113' title='bbox 356 1835 400 1860; x_wconf 89' lang='lat'><strong>=·-·</strong></span> <span class='ocrx_word' id='word_1_114' title='bbox 421 1806 456 1870; x_wconf 92' lang='lat' dir='ltr'><strong>T.</strong></span> <span class='ocrx_word' id='word_1_115' title='bbox 478 1807 509 1889; x_wconf 86' lang='lat'><strong>3,</strong></span> <span class='ocrx_word' id='word_1_116' title='bbox 531 1806 594 1873; x_wconf 92' lang='lat' dir='ltr'><strong>nisi</strong></span> <span class='ocrx_word' id='word_1_117' title='bbox 615 1807 700 1889; x_wconf 94' lang='lat' dir='ltr'><strong>quod</strong></span> <span class='ocrx_word' id='word_1_118' title='bbox 723 1806 818 1888; x_wconf 88' lang='lat' dir='ltr'><strong>Greg.</strong></span> <span class='ocrx_word' id='word_1_119' title='bbox 841 1806 874 1871; x_wconf 93' lang='lat' dir='ltr'><strong>in</strong></span> <span class='ocrx_word' id='word_1_120' title='bbox 895 1804 958 1872; x_wconf 89' lang='lat' dir='ltr'><strong>fine</strong></span> <span class='ocrx_word' id='word_1_121' title='bbox 980 1805 1163 1872; x_wconf 85' lang='lat' dir='ltr'><strong>Isaurorum</strong></span> <span class='ocrx_word' id='word_1_122' title='bbox 1196 1826 1308 1873; x_wconf 91' lang='lat' dir='ltr'><strong>nomen</strong></span> 
     </span>
     <span class='ocr_line' id='line_1_15' title="bbox 231 1907 1384 1974; baseline 0.001 -2"><span class='ocrx_word' id='word_1_123' title='bbox 231 1907 349 1974; x_wconf 89' lang='lat' dir='ltr'><strong>omisit</strong></span> <span class='ocrx_word' id='word_1_124' title='bbox 1380 1909 1384 1918; x_wconf 78' lang='grc'><em>’</em></span> 
     </span>
    </p>

    <p class='ocr_par' dir='ltr' id='par_1_5' title="bbox 230 1993 1342 2298">
     <span class='ocr_line' id='line_1_16' title="bbox 317 1993 1342 2093; baseline 0.001 -18"><span class='ocrx_word' id='word_1_125' title='bbox 317 2010 465 2076; x_wconf 88' lang='lat' dir='ltr'><strong>Iemuero</strong></span> <span class='ocrx_word' id='word_1_126' title='bbox 479 2012 626 2093; x_wconf 87' lang='lat' dir='ltr'><strong>quoniam</strong></span> <span class='ocrx_word' id='word_1_127' title='bbox 650 2011 778 2077; x_wconf 88' lang='lat' dir='ltr'><strong>Tatiani</strong></span> <span class='ocrx_word' id='word_1_128' title='bbox 794 2012 968 2079; x_wconf 86' lang='lat' dir='ltr'><strong>Clementis</strong></span> <span class='ocrx_word' id='word_1_129' title='bbox 984 2010 1131 2093; x_wconf 82' lang='lat' dir='ltr'><strong>Gregorii</strong></span> <span class='ocrx_word' id='word_1_130' title='bbox 1154 2010 1313 2091; x_wconf 83' lang='lat' dir='ltr'><strong>catalogis</strong></span> <span class='ocrx_word' id='word_1_131' title='bbox 1338 1993 1342 1999; x_wconf 38' lang='lat'><strong>¹</strong></span> 
     </span>
     <span class='ocr_line' id='line_1_17' title="bbox 230 2113 1313 2196; baseline 0 -18"><span class='ocrx_word' id='word_1_132' title='bbox 230 2113 391 2196; x_wconf 86' lang='lat' dir='ltr'><strong>permulta</strong></span> <span class='ocrx_word' id='word_1_133' title='bbox 411 2132 482 2180; x_wconf 84' lang='lat' dir='ltr'><strong>esse</strong></span> <span class='ocrx_word' id='word_1_134' title='bbox 503 2115 682 2180; x_wconf 89' lang='lat' dir='ltr'><strong>communia</strong></span> <span class='ocrx_word' id='word_1_135' title='bbox 710 2115 932 2196; x_wconf 88' lang='lat' dir='ltr'><strong>cognouimns,</strong></span> <span class='ocrx_word' id='word_1_136' title='bbox 961 2115 1020 2180; x_wconf 94' lang='lat' dir='ltr'><strong>hos</strong></span> <span class='ocrx_word' id='word_1_137' title='bbox 1050 2122 1116 2180; x_wconf 91' lang='lat' dir='ltr'><strong>tres</strong></span> <span class='ocrx_word' id='word_1_138' title='bbox 1146 2113 1313 2196; x_wconf 83' lang='lat' dir='ltr'><strong>catalogos</strong></span> 
     </span>
     <span class='ocr_line' id='line_1_18' title="bbox 232 2216 832 2298; baseline 0.002 -17"><span class='ocrx_word' id='word_1_139' title='bbox 232 2216 418 2282; x_wconf 85' lang='lat' dir='ltr'><strong>accuratius</strong></span> <span class='ocrx_word' id='word_1_140' title='bbox 439 2217 525 2281; x_wconf 92' lang='lat' dir='ltr'><strong>inter</strong></span> <span class='ocrx_word' id='word_1_141' title='bbox 546 2235 582 2282; x_wconf 89' lang='lat' dir='ltr'><strong>se</strong></span> <span class='ocrx_word' id='word_1_142' title='bbox 605 2234 832 2298; x_wconf 84' lang='lat' dir='ltr'><strong>comparemus.</strong></span> 
     </span>
    </p>

    <p class='ocr_par' dir='ltr' id='par_1_6' title="bbox 231 2317 1401 3430">
     <span class='ocr_line' id='line_1_19' title="bbox 317 2317 1310 2402; baseline 0 -18"><span class='ocrx_word' id='word_1_143' title='bbox 317 2321 364 2384; x_wconf 85' lang='lat' dir='ltr'><strong>Ac</strong></span> <span class='ocrx_word' id='word_1_144' title='bbox 386 2319 523 2400; x_wconf 89' lang='lat' dir='ltr'><strong>primum</strong></span> <span class='ocrx_word' id='word_1_145' title='bbox 546 2319 674 2401; x_wconf 89' lang='lat' dir='ltr'><strong>quidem</strong></span> <span class='ocrx_word' id='word_1_146' title='bbox 696 2317 790 2384; x_wconf 84' lang='lat' dir='ltr'><strong>facile</strong></span> <span class='ocrx_word' id='word_1_147' title='bbox 804 2319 1001 2402; x_wconf 89' lang='lat' dir='ltr'><strong>intellegitur</strong></span> <span class='ocrx_word' id='word_1_148' title='bbox 1024 2320 1310 2400; x_wconf 85' lang='lat' dir='ltr'><strong>Gregorium‚</strong></span> 
     </span>
     <span class='ocr_line' id='line_1_20' title="bbox 232 2421 1312 2505; baseline 0.002 -19"><span class='ocrx_word' id='word_1_149' title='bbox 232 2423 378 2504; x_wconf 87' lang='lat' dir='ltr'><strong>quamuis</strong></span> <span class='ocrx_word' id='word_1_150' title='bbox 400 2421 521 2487; x_wconf 90' lang='lat' dir='ltr'><strong>similes</strong></span> <span class='ocrx_word' id='word_1_151' title='bbox 543 2427 640 2503; x_wconf 89' lang='lat' dir='ltr'><strong>atquc</strong></span> <span class='ocrx_word' id='word_1_152' title='bbox 670 2421 827 2488; x_wconf 88' lang='lat' dir='ltr'><strong>Tetiauus</strong></span> <span class='ocrx_word' id='word_1_153' title='bbox 857 2430 890 2488; x_wconf 89' lang='lat' dir='ltr'><strong>et</strong></span> <span class='ocrx_word' id='word_1_154' title='bbox 913 2422 1058 2489; x_wconf 78' lang='lat' dir='ltr'><strong>Clemens</strong></span> <span class='ocrx_word' id='word_1_155' title='bbox 1079 2422 1224 2505; x_wconf 87' lang='lat' dir='ltr'><strong>proferat</strong></span> <span class='ocrx_word' id='word_1_156' title='bbox 1247 2441 1312 2505; x_wconf 75' lang='lat' dir='ltr'><strong>res,</strong></span> 
     </span>
     <span class='ocr_line' id='line_1_21' title="bbox 231 2524 1307 2592; baseline 0.001 -3"><span class='ocrx_word' id='word_1_157' title='bbox 231 2532 338 2590; x_wconf 89' lang='lat' dir='ltr'><strong>tamen</strong></span> <span class='ocrx_word' id='word_1_158' title='bbox 370 2525 516 2590; x_wconf 84' lang='lat' dir='ltr'><strong>neutrius</strong></span> <span class='ocrx_word' id='word_1_159' title='bbox 549 2524 764 2589; x_wconf 86' lang='lat' dir='ltr'><strong>narrationem</strong></span> <span class='ocrx_word' id='word_1_160' title='bbox 794 2525 827 2589; x_wconf 91' lang='lat' dir='ltr'><strong>in</strong></span> <span class='ocrx_word' id='word_1_161' title='bbox 857 2543 950 2590; x_wconf 89' lang='lat' dir='ltr'><strong>usum</strong></span> <span class='ocrx_word' id='word_1_162' title='bbox 979 2544 1072 2591; x_wconf 92' lang='lat' dir='ltr'><strong>suum</strong></span> <span class='ocrx_word' id='word_1_163' title='bbox 1102 2525 1307 2592; x_wconf 88' lang='lat' dir='ltr'><strong>conuertisse.</strong></span> 
     </span>
     <span class='ocr_line' id='line_1_22' title="bbox 233 2626 1307 2710; baseline -0.003 -17"><span class='ocrx_word' id='word_1_164' title='bbox 233 2626 472 2693; x_wconf 81' lang='lat' dir='ltr'><strong>Clementis</strong></span> <span class='ocrx_word' id='word_1_165' title='bbox 495 2633 581 2692; x_wconf 88' lang='lat' dir='ltr'><strong>certe</strong></span> <span class='ocrx_word' id='word_1_166' title='bbox 603 2627 783 2709; x_wconf 86' lang='lat' dir='ltr'><strong>catalogum</strong></span> <span class='ocrx_word' id='word_1_167' title='bbox 806 2645 867 2692; x_wconf 94' lang='lat' dir='ltr'><strong>non</strong></span> <span class='ocrx_word' id='word_1_168' title='bbox 890 2627 1047 2695; x_wconf 84' lang='lat' dir='ltr'><strong>adhibuit.</strong></span> <span class='ocrx_word' id='word_1_169' title='bbox 1092 2627 1203 2710; x_wconf 88' lang='lat' dir='ltr'><strong>Neque</strong></span> <span class='ocrx_word' id='word_1_170' title='bbox 1225 2627 1307 2692; x_wconf 91' lang='lat' dir='ltr'><strong>enim</strong></span> 
     </span>
     <span class='ocr_line' id='line_1_23' title="bbox 232 2729 1313 2813; baseline -0.002 -17"><span class='ocrx_word' id='word_1_171' title='bbox 232 2731 333 2796; x_wconf 88' lang='lat' dir='ltr'><strong>solum</strong></span> <span class='ocrx_word' id='word_1_172' title='bbox 356 2730 503 2795; x_wconf 89' lang='lat' dir='ltr'><strong>undecim</strong></span> <span class='ocrx_word' id='word_1_173' title='bbox 526 2729 674 2812; x_wconf 82' lang='lat' dir='ltr'><strong>Gregorii</strong></span> <span class='ocrx_word' id='word_1_174' title='bbox 696 2730 828 2795; x_wconf 90' lang='lat' dir='ltr'><strong>inuenta</strong></span> <span class='ocrx_word' id='word_1_175' title='bbox 843 2731 895 2813; x_wconf 63' lang='grc' dir='ltr'><strong>(ἕξ</strong></span> <span class='ocrx_word' id='word_1_176' title='bbox 910 2730 1005 2796; x_wconf 77' lang='grc'><strong>2-8.</strong></span> <span class='ocrx_word' id='word_1_177' title='bbox 1040 2730 1079 2794; x_wconf 92' lang='grc'><strong>10</strong></span> <span class='ocrx_word' id='word_1_178' title='bbox 1100 2748 1147 2812; x_wconf 89' lang='lat' dir='ltr'><strong>sq.</strong></span> <span class='ocrx_word' id='word_1_179' title='bbox 1179 2730 1228 2795; x_wconf 83' lang='lat'><strong>13.</strong></span> <span class='ocrx_word' id='word_1_180' title='bbox 1254 2729 1313 2810; x_wconf 83' lang='lat' dir='ltr'><strong>ll)</strong></span> 
     </span>
     <span class='ocr_line' id='line_1_24' title="bbox 232 2831 1308 2916; baseline -0.006 -16"><span class='ocrx_word' id='word_1_181' title='bbox 232 2835 349 2900; x_wconf 89' lang='lat' dir='ltr'><strong>desunt</strong></span> <span class='ocrx_word' id='word_1_182' title='bbox 370 2832 457 2915; x_wconf 87' lang='lat' dir='ltr'><strong>apud</strong></span> <span class='ocrx_word' id='word_1_183' title='bbox 479 2832 580 2914; x_wconf 87' lang='lat' dir='ltr'><strong>illum,</strong></span> <span class='ocrx_word' id='word_1_184' title='bbox 602 2833 661 2898; x_wconf 90' lang='lat' dir='ltr'><strong>sed</strong></span> <span class='ocrx_word' id='word_1_185' title='bbox 675 2833 772 2899; x_wconf 86' lang='lat' dir='ltr'><strong>etiem</strong></span> <span class='ocrx_word' id='word_1_186' title='bbox 789 2833 1005 2916; x_wconf 89' lang='lat' dir='ltr'><strong>compluribus</strong></span> <span class='ocrx_word' id='word_1_187' title='bbox 1020 2833 1098 2899; x_wconf 88' lang='lat' dir='ltr'><strong>locis</strong></span> <span class='ocrx_word' id='word_1_188' title='bbox 1115 2831 1308 2897; x_wconf 86' lang='lat' dir='ltr'><strong>Nazianzeni</strong></span> 
     </span>
     <span class='ocr_line' id='line_1_25' title="bbox 231 2931 1309 3018; baseline -0.004 -16"><span class='ocrx_word' id='word_1_189' title='bbox 231 2943 265 3002; x_wconf 94' lang='lat' dir='ltr'><strong>et</strong></span> <span class='ocrx_word' id='word_1_190' title='bbox 278 2935 454 3002; x_wconf 84' lang='lat' dir='ltr'><strong>Alexandri</strong></span> <span class='ocrx_word' id='word_1_191' title='bbox 468 2935 669 3000; x_wconf 85' lang='lat' dir='ltr'><strong>narrationes</strong></span> <span class='ocrx_word' id='word_1_192' title='bbox 686 2936 788 3018; x_wconf 92' lang='lat' dir='ltr'><strong>magis</strong></span> <span class='ocrx_word' id='word_1_193' title='bbox 803 2937 948 3002; x_wconf 91' lang='lat' dir='ltr'><strong>minusne</strong></span> <span class='ocrx_word' id='word_1_194' title='bbox 963 2935 1148 3014; x_wconf 59' lang='lat' dir='ltr'><strong>uenientum</strong></span> <span class='ocrx_word' id='word_1_195' title='bbox 1165 2931 1309 3000; x_wconf 86' lang='lat' dir='ltr'><strong>conferas</strong></span> 
     </span>
     <span class='ocr_line' id='line_1_26' title="bbox 231 3035 1401 3120; baseline -0.002 -17"><span class='ocrx_word' id='word_1_196' title='bbox 231 3039 327 3104; x_wconf 91' lang='lat' dir='ltr'><strong>uelim</strong></span> <span class='ocrx_word' id='word_1_197' title='bbox 352 3037 483 3120; x_wconf 86' lang='lat' dir='ltr'><strong>Gregor.</strong></span> <span class='ocrx_word' id='word_1_198' title='bbox 507 3038 526 3119; x_wconf 63' lang='grc' dir='ltr'>ξ</span> <span class='ocrx_word' id='word_1_199' title='bbox 550 3039 567 3103; x_wconf 99' lang='grc'><strong>1</strong></span> <span class='ocrx_word' id='word_1_200' title='bbox 591 3056 661 3103; x_wconf 91' lang='lat' dir='ltr'><strong>cum</strong></span> <span class='ocrx_word' id='word_1_201' title='bbox 684 3037 782 3104; x_wconf 80' lang='lat' dir='ltr'><strong>clem.</strong></span> <span class='ocrx_word' id='word_1_202' title='bbox 803 3038 822 3120; x_wconf 64' lang='grc' dir='ltr'>ξ</span> <span class='ocrx_word' id='word_1_203' title='bbox 846 3039 904 3119; x_wconf 86' lang='grc'><strong>13;</strong></span> <span class='ocrx_word' id='word_1_204' title='bbox 928 3037 1000 3103; x_wconf 71' lang='grc'><strong>(1.9</strong></span> <span class='ocrx_word' id='word_1_205' title='bbox 1022 3056 1093 3103; x_wconf 91' lang='lat' dir='ltr'><strong>cum</strong></span> <span class='ocrx_word' id='word_1_206' title='bbox 1117 3036 1164 3103; x_wconf 85' lang='lat' dir='ltr'><strong>Ol.</strong></span> <span class='ocrx_word' id='word_1_207' title='bbox 1187 3036 1247 3119; x_wconf 77' lang='lat'><strong>293</strong></span> <span class='ocrx_word' id='word_1_208' title='bbox 1269 3035 1311 3112; x_wconf 80' lang='lat' dir='ltr'><strong>G,</strong></span> <span class='ocrx_word' id='word_1_209' title='bbox 1398 3057 1401 3064; x_wconf 90' lang='lat'>·</span> 
     </span>
     <span class='ocr_line' id='line_1_27' title="bbox 233 3139 1311 3220; baseline 0 -16"><span class='ocrx_word' id='word_1_210' title='bbox 233 3141 275 3205; x_wconf 80' lang='lat'><strong>12</strong></span> <span class='ocrx_word' id='word_1_211' title='bbox 297 3159 366 3206; x_wconf 92' lang='lat' dir='ltr'><strong>cum</strong></span> <span class='ocrx_word' id='word_1_212' title='bbox 390 3139 436 3206; x_wconf 87' lang='lat' dir='ltr'><strong>(ll.</strong></span> <span class='ocrx_word' id='word_1_213' title='bbox 460 3140 515 3220; x_wconf 82' lang='lat' dir='ltr'><strong>1e;</strong></span> <span class='ocrx_word' id='word_1_214' title='bbox 538 3140 576 3206; x_wconf 88' lang='lat' dir='ltr'><strong>G.</strong></span> <span class='ocrx_word' id='word_1_215' title='bbox 601 3140 642 3206; x_wconf 88' lang='grc'><strong>14</strong></span> <span class='ocrx_word' id='word_1_216' title='bbox 664 3158 734 3205; x_wconf 90' lang='lat' dir='ltr'><strong>cum</strong></span> <span class='ocrx_word' id='word_1_217' title='bbox 758 3140 804 3207; x_wconf 88' lang='grc'><strong>01.</strong></span> <span class='ocrx_word' id='word_1_218' title='bbox 827 3141 864 3220; x_wconf 86' lang='grc'><strong>8;</strong></span> <span class='ocrx_word' id='word_1_219' title='bbox 888 3139 926 3206; x_wconf 90' lang='lat' dir='ltr'><strong>G.</strong></span> <span class='ocrx_word' id='word_1_220' title='bbox 944 3139 984 3204; x_wconf 79' lang='lat'><strong>15</strong></span> <span class='ocrx_word' id='word_1_221' title='bbox 1007 3158 1077 3206; x_wconf 90' lang='lat' dir='ltr'><strong>cum</strong></span> <span class='ocrx_word' id='word_1_222' title='bbox 1101 3140 1146 3208; x_wconf 86' lang='lat' dir='ltr'><strong>Ol.</strong></span> <span class='ocrx_word' id='word_1_223' title='bbox 1165 3142 1193 3205; x_wconf 94' lang='grc'><strong>1.</strong></span> <span class='ocrx_word' id='word_1_224' title='bbox 1229 3139 1311 3204; x_wconf 90' lang='lat' dir='ltr'><strong>Tres</strong></span> 
     </span>
     <span class='ocr_line' id='line_1_28' title="bbox 232 3241 1312 3326; baseline -0.002 -18"><span class='ocrx_word' id='word_1_225' title='bbox 232 3249 356 3310; x_wconf 87' lang='lat' dir='ltr'><strong>restent</strong></span> <span class='ocrx_word' id='word_1_226' title='bbox 383 3242 532 3325; x_wconf 86' lang='lat' dir='ltr'><strong>Gregorii</strong></span> <span class='ocrx_word' id='word_1_227' title='bbox 563 3242 821 3308; x_wconf 81' lang='lat' dir='ltr'><strong>narratiunculae</strong></span> <span class='ocrx_word' id='word_1_228' title='bbox 851 3243 905 3326; x_wconf 60' lang='grc' dir='ltr'><strong>(ἕξ</strong></span> <span class='ocrx_word' id='word_1_229' title='bbox 935 3241 984 3308; x_wconf 91' lang='grc'><strong>18.</strong></span> <span class='ocrx_word' id='word_1_230' title='bbox 1010 3242 1059 3309; x_wconf 86' lang='grc'><strong>19.</strong></span> <span class='ocrx_word' id='word_1_231' title='bbox 1083 3243 1149 3325; x_wconf 86' lang='grc'><strong>16),</strong></span> <span class='ocrx_word' id='word_1_232' title='bbox 1178 3260 1261 3326; x_wconf 91' lang='lat' dir='ltr'><strong>qnae</strong></span> <span class='ocrx_word' id='word_1_233' title='bbox 1291 3260 1312 3306; x_wconf 90' lang='lat' dir='ltr'><strong>e</strong></span> 
     </span>
     <span class='ocr_line' id='line_1_29' title="bbox 231 3345 1171 3430; baseline -0.001 -17"><span class='ocrx_word' id='word_1_234' title='bbox 231 3346 428 3413; x_wconf 75' lang='lat' dir='ltr'><strong>clementino</strong></span> <span class='ocrx_word' id='word_1_235' title='bbox 449 3346 596 3430; x_wconf 88' lang='lat' dir='ltr'><strong>catalogo</strong></span> <span class='ocrx_word' id='word_1_236' title='bbox 618 3347 671 3430; x_wconf 65' lang='grc' dir='ltr'><strong>(ἓξ</strong></span> <span class='ocrx_word' id='word_1_237' title='bbox 696 3348 745 3414; x_wconf 93' lang='grc'><strong>10.</strong></span> <span class='ocrx_word' id='word_1_238' title='bbox 769 3347 797 3413; x_wconf 83' lang='lat' dir='ltr'><strong>l.</strong></span> <span class='ocrx_word' id='word_1_239' title='bbox 821 3345 857 3429; x_wconf 82' lang='lat'><strong>5)</strong></span> <span class='ocrx_word' id='word_1_240' title='bbox 878 3345 976 3412; x_wconf 91' lang='lat' dir='ltr'><strong>fluere</strong></span> <span class='ocrx_word' id='word_1_241' title='bbox 998 3346 1171 3428; x_wconf 87' lang='lat' dir='ltr'><strong>potuerint.</strong></span> 
     </span>
    </p>

    <p class='ocr_par' dir='ltr' id='par_1_7' title="bbox 317 3448 1313 3532">
     <span class='ocr_line' id='line_1_30' title="bbox 317 3448 1313 3532; baseline -0.001 -19"><span class='ocrx_word' id='word_1_242' title='bbox 317 3450 462 3532; x_wconf 90' lang='lat' dir='ltr'><strong>Itemque</strong></span> <span class='ocrx_word' id='word_1_243' title='bbox 483 3467 522 3514; x_wconf 85' lang='lat' dir='ltr'><strong>ex</strong></span> <span class='ocrx_word' id='word_1_244' title='bbox 544 3448 727 3516; x_wconf 89' lang='lat' dir='ltr'><strong>Tatiano</strong></span> <span class='ocrx_word' id='word_1_245' title='bbox 757 3449 943 3532; x_wconf 87' lang='lat' dir='ltr'><strong>Gregorium</strong></span> <span class='ocrx_word' id='word_1_246' title='bbox 974 3448 1121 3516; x_wconf 89' lang='lat' dir='ltr'><strong>hausisse</strong></span> <span class='ocrx_word' id='word_1_247' title='bbox 1142 3448 1313 3531; x_wconf 91' lang='lat' dir='ltr'><strong>quominus</strong></span> 
     </span>
    </p>
   </div>
   <div class='ocr_carea' id='block_1_4' title="bbox 231 3637 1312 4060">
    <p class='ocr_par' dir='ltr' id='par_1_8' title="bbox 231 3637 1312 4060">
     <span class='ocr_line' id='line_1_31' title="bbox 320 3637 1308 3719; baseline -0.004 -21"><span class='ocrx_word' id='word_1_248' title='bbox 320 3640 350 3718; x_wconf 82' lang='lat'><strong>1)</strong></span> <span class='ocrx_word' id='word_1_249' title='bbox 373 3639 538 3700; x_wconf 84' lang='lat' dir='ltr'><strong>Scholiasta</strong></span> <span class='ocrx_word' id='word_1_250' title='bbox 566 3659 637 3700; x_wconf 87' lang='lat' dir='ltr'><strong>uero</strong></span> <span class='ocrx_word' id='word_1_251' title='bbox 669 3641 781 3718; x_wconf 88' lang='lat' dir='ltr'><strong>(Nonn.</strong></span> <span class='ocrx_word' id='word_1_252' title='bbox 812 3642 828 3698; x_wconf 96' lang='lat' dir='ltr'>I</span> <span class='ocrx_word' id='word_1_253' title='bbox 858 3639 919 3718; x_wconf 87' lang='grc'><strong>70),</strong></span> <span class='ocrx_word' id='word_1_254' title='bbox 949 3640 999 3719; x_wconf 93' lang='lat' dir='ltr'><strong>qui</strong></span> <span class='ocrx_word' id='word_1_255' title='bbox 1033 3641 1069 3698; x_wconf 88' lang='lat' dir='ltr'><strong>ed</strong></span> <span class='ocrx_word' id='word_1_256' title='bbox 1101 3641 1181 3697; x_wconf 91' lang='lat' dir='ltr'><strong>hunc</strong></span> <span class='ocrx_word' id='word_1_257' title='bbox 1210 3637 1308 3696; x_wconf 88' lang='lat' dir='ltr'><strong>locum</strong></span> 
     </span>
     <span class='ocr_line' id='line_1_32' title="bbox 231 3721 1309 3804; baseline -0.004 -20"><span class='ocrx_word' id='word_1_258' title='bbox 231 3726 488 3804; x_wconf 87' lang='lat' dir='ltr'><strong>interpretandum</strong></span> <span class='ocrx_word' id='word_1_259' title='bbox 511 3726 588 3784; x_wconf 89' lang='lat' dir='ltr'><strong>nihil</strong></span> <span class='ocrx_word' id='word_1_260' title='bbox 618 3727 680 3785; x_wconf 85' lang='lat' dir='ltr'><strong>fere</strong></span> <span class='ocrx_word' id='word_1_261' title='bbox 708 3726 779 3785; x_wconf 91' lang='lat' dir='ltr'><strong>noui</strong></span> <span class='ocrx_word' id='word_1_262' title='bbox 802 3726 911 3798; x_wconf 75' lang='lat' dir='ltr'><strong>attulit,</strong></span> <span class='ocrx_word' id='word_1_263' title='bbox 933 3721 1022 3783; x_wconf 79' lang='grc' dir='ltr'><strong><em>θύειν</em></strong></span> <span class='ocrx_word' id='word_1_264' title='bbox 1043 3723 1225 3782; x_wconf 89' lang='lat' dir='ltr'><strong>infinitiuum</strong></span> <span class='ocrx_word' id='word_1_265' title='bbox 1247 3741 1309 3781; x_wconf 94' lang='lat' dir='ltr'><strong>non</strong></span> 
     </span>
     <span class='ocr_line' id='line_1_33' title="bbox 231 3808 1312 3889; baseline -0.006 -18"><span class='ocrx_word' id='word_1_266' title='bbox 231 3812 429 3889; x_wconf 85' lang='lat' dir='ltr'><strong>aruspicinam</strong></span> <span class='ocrx_word' id='word_1_267' title='bbox 452 3810 675 3885; x_wconf 87' lang='lat' dir='ltr'><strong>diuinationem,</strong></span> <span class='ocrx_word' id='word_1_268' title='bbox 698 3814 748 3870; x_wconf 87' lang='lat' dir='ltr'><strong>sed</strong></span> <span class='ocrx_word' id='word_1_269' title='bbox 764 3819 857 3871; x_wconf 90' lang='lat' dir='ltr'><strong>artem</strong></span> <span class='ocrx_word' id='word_1_270' title='bbox 877 3810 1061 3870; x_wconf 86' lang='lat' dir='ltr'><strong>sacrificandi</strong></span> <span class='ocrx_word' id='word_1_271' title='bbox 1075 3809 1236 3882; x_wconf 86' lang='lat' dir='ltr'><strong>intellexit,</strong></span> <span class='ocrx_word' id='word_1_272' title='bbox 1258 3808 1312 3866; x_wconf 89' lang='lat' dir='ltr'><strong>ad-</strong></span> 
     </span>
     <span class='ocr_line' id='line_1_34' title="bbox 232 3893 1312 3976; baseline -0.004 -21"><span class='ocrx_word' id='word_1_273' title='bbox 232 3897 306 3957; x_wconf 92' lang='lat' dir='ltr'><strong>didit</strong></span> <span class='ocrx_word' id='word_1_274' title='bbox 328 3897 408 3956; x_wconf 85' lang='lat' dir='ltr'><strong>eninr</strong></span> <span class='ocrx_word' id='word_1_275' title='bbox 435 3899 529 3970; x_wconf 78' lang='grc' dir='ltr'><em>θεοῖς,</em></span> <span class='ocrx_word' id='word_1_276' title='bbox 560 3916 618 3976; x_wconf 92' lang='lat' dir='ltr'><strong>quo</strong></span> <span class='ocrx_word' id='word_1_277' title='bbox 650 3898 687 3955; x_wconf 89' lang='lat' dir='ltr'><strong>de</strong></span> <span class='ocrx_word' id='word_1_278' title='bbox 714 3897 839 3956; x_wconf 88' lang='lat' dir='ltr'><strong>inuento</strong></span> <span class='ocrx_word' id='word_1_279' title='bbox 870 3897 931 3955; x_wconf 94' lang='lat' dir='ltr'><strong>nid.</strong></span> <span class='ocrx_word' id='word_1_280' title='bbox 954 3898 990 3955; x_wconf 88' lang='lat' dir='ltr'><strong>ad</strong></span> <span class='ocrx_word' id='word_1_281' title='bbox 1013 3895 1092 3973; x_wconf 89' lang='lat' dir='ltr'><strong>Hyg.</strong></span> <span class='ocrx_word' id='word_1_282' title='bbox 1116 3897 1132 3968; x_wconf 70' lang='grc'>5</span> <span class='ocrx_word' id='word_1_283' title='bbox 1157 3897 1193 3953; x_wconf 82' lang='grc'><strong>12</strong></span> <span class='ocrx_word' id='word_1_284' title='bbox 1218 3893 1312 3971; x_wconf 82' lang='lat' dir='ltr'><strong>(inire</strong></span> 
     </span>
     <span class='ocr_line' id='line_1_35' title="bbox 231 3982 446 4060; baseline -0.005 -18"><span class='ocrx_word' id='word_1_285' title='bbox 231 3984 262 4042; x_wconf 92' lang='lat' dir='ltr'><strong>in</strong></span> <span class='ocrx_word' id='word_1_286' title='bbox 286 4003 349 4060; x_wconf 90' lang='lat' dir='ltr'><strong>cap.</strong></span> <span class='ocrx_word' id='word_1_287' title='bbox 374 3982 446 4055; x_wconf 71' lang='lat' dir='ltr'><strong>Vh).</strong></span> 
     </span>
    </p>
   </div>
   <div class='ocr_carea' id='block_1_5' title="bbox 0 0 1602 4882">
    <p class='ocr_par' dir='ltr' id='par_1_9' title="bbox 0 0 1602 4882">
     <span class='ocr_line' id='line_1_36' title="bbox 0 0 1602 4882; baseline 0 0"><span class='ocrx_word' id='word_1_288' title='bbox 0 0 1602 4882; x_wconf 95' lang='lat' dir='ltr'><strong> </strong></span> 
     </span>
    </p>
   </div>
  </div>
 </body>
</html>
