3184 4886
666 415 900 524 7-10a-

249 592 327 660 alihi
358 593 495 659 seruatis
511 592 692 675 ,quicquam
722 591 814 673 inest,
845 591 1028 674 quodcum
1058 587 1153 654 Plinii
1182 586 1327 669 catologo

245 697 452 778 congruere).
885 719 887 728 ¹

309 819 311 826 ⁴
332 799 519 866 Redeamus
535 816 616 864 nnnc
638 799 680 863 ad
704 797 957 864 Stratonem.
1002 794 1188 862 Gulussam
1211 812 1323 858 nomen

251 901 283 966 in
316 901 497 966 narratione
528 901 600 966 libri
630 900 692 965 VII
720 918 780 966 non
810 899 997 981 reperiatur,
1027 915 1066 962 ax
1097 896 1192 961 huius
1221 909 1325 978 opere,

246 1004 365 1088 quippe
388 1004 476 1070 cuins
498 1003 627 1068 titulum
658 1009 769 1085 aparte
799 1001 998 1080 indIcanerit,
1027 998 1165 1064 Plinium
1187 997 1325 1080 plurima

244 1106 479 1189 deprompsisse
501 1104 764 1172 uerisimillimum
787 1110 846 1170 est
879 1104 1043 1169 Accedunt
1066 1106 1172 1168 autem
1199 1117 1324 1181 causae,

245 1209 360 1291 quibus
381 1210 433 1274 uel
456 1209 557 1291 magis
579 1226 821 1288 commonemur,
843 1214 880 1273 ut
903 1208 1084 1272 Stratonem
1107 1205 1138 1270 in
1162 1203 1323 1286 primariis

245 1311 385 1378 tontibus
415 1312 577 1378 ducamus.
628 1309 812 1388 Quidnam?
851 1313 1095 1375 consentaneum
1134 1325 1236 1374 nonne
1273 1313 1323 1374 est

246 1414 428 1480 Stratonem
444 1415 688 1497 peripateticum
712 1416 754 1479 de
768 1431 873 1479 rerum
888 1412 1106 1477 incentoribus
1120 1408 1323 1491 quaestiones

246 1517 464 1582 instituentem
487 1535 564 1600 prae
593 1516 708 1582 ceteris
738 1514 1026 1596 Theophrasti
1055 1514 1202 1596 magistri
1224 1512 1322 1578 libros

245 1621 285 1686 de
307 1621 419 1685 eadem
441 1619 576 1685 materia
590 1618 786 1700 conscriptos
801 1617 832 1682 in
850 1635 941 1682 usum
957 1617 1116 1684 uertisse?
1137 1615 1200 1681 Hic
1215 1625 1321 1685 autem

245 1724 279 1787 in
300 1721 396 1787 Plinii
419 1722 599 1788 narratione
622 1730 737 1803 quater
766 1721 798 1785 in
830 1720 1044 1786 testimonium
1077 1725 1227 1785 uocatur:
1260 1718 1322 1785 Vll

249 1826 309 1892 195
337 1824 426 1909 (bis).
458 1825 528 1892 197.
558 1823 631 1891 205.
681 1825 751 1904 Qua
785 1824 826 1889 de
857 1841 954 1890 causa
988 1823 1103 1889 mirum
1135 1830 1201 1900 est,
1235 1824 1321 1905 quod

246 1928 459 2012 Theophrasti
482 1946 593 1994 nomen
616 1927 647 1992 in
670 1926 744 1993 libri
759 1927 821 1994 Vll
837 1932 1003 1993 anctorum
1026 1925 1129 1991 indice
1152 1925 1320 2007 omittitur,

246 2049 316 2098 cum
338 2032 370 2096 in
393 2031 434 2097 27
457 2031 609 2096 librorum
632 2029 790 2096 indicibus
819 2034 1031 2096 recenseatur.
1074 2028 1113 2094 Id
1142 2027 1203 2092 nisi
1232 2023 1321 2093 casui

246 2135 448 2206 tribuendum
472 2139 531 2211 est,
555 2134 745 2200 contendere
759 2132 835 2200 licet
852 2131 987 2198 Plinium
1002 2130 1097 2196 hnins
1112 2147 1191 2214 opus
1207 2129 1321 2197 heure-
1439 2182 1444 2190 .

246 2237 395 2304 matIcum
426 2236 572 2302 manibus
600 2256 661 2303 non
695 2236 833 2301 tenuisse
862 2232 914 2317 (cf.
938 2232 1172 2299 Eichholtaium
1199 2227 1239 2314 p,
1255 2233 1320 2316 17).

246 2340 389 2406 Stratoni
410 2339 510 2421 igitur
531 2338 706 2405 sententias
728 2337 940 2420 Theophrasti
964 2337 1144 2402 reddamus.
1299 2387 1301 2392 .
1384 2410 1386 2415 ἢ

330 2441 542 2524 Theophrasti
572 2447 679 2510 autem
710 2441 853 2523 reliquiis
885 2438 972 2506 aliud
1001 2458 1128 2522 qnoque
1150 2440 1233 2505 inter
1255 2439 1320 2529 Pli-

123 2563 125 2566 ·
246 2546 340 2612 niana
361 2538 426 2629 ata.
448 2545 629 2612 addendum
652 2551 712 2626 est,
740 2544 824 2626 qnod
846 2561 924 2625 prae
946 2543 1061 2608 ceteris
1082 2562 1140 2626 per
1162 2541 1321 2609 Stratonis

248 2666 328 2732 opus
350 2649 383 2713 in
398 2647 495 2713 Plinii
517 2648 697 2729 catalogum
718 2647 899 2714 manauisse
915 2646 1051 2711 uidetur.
1083 2645 1320 2712 V11198enim

247 2754 365 2836 legitur
395 2752 446 2834 „in
477 2749 623 2835 (figlinis)
651 2750 762 2817 orbem
792 2748 983 2817 Anacharsis
1014 2748 1163 2834 Scythes,
1188 2755 1225 2815 ut
1254 2746 1321 2828 alii,
1404 2785 1407 2798 ·

245 2854 429 2939 Hyperbius
466 2853 677 2923 Corinthium.
722 2853 835 2930 Cuius
855 2853 1047 2920 narrationis
1083 2857 1176 2936 parte
1212 2851 1322 2933 priore
1425 2895 1429 2902 .

243 2959 365 3041 Ephori
386 2958 575 3024 sententiam
597 2957 731 3038 exprimi
754 2961 895 3022 testatur
916 2955 1032 3022 Strabo
1047 2955 1108 3021 Vll
1122 2954 1153 3034 3,
1175 2953 1205 3034 9,
1227 2959 1320 3036 parte

243 3061 346 3127 altera
377 3061 591 3144 Theophrasti
627 3059 807 3138 Scholiasta
838 3058 929 3125 Pind.
962 3059 1011 3124 01.
1039 3057 1119 3150 XIII
1150 3055 1194 3140 27
1224 3055 1276 3140 (fr.
1301 3057 1318 3124 1

244 3162 380 3246 alchu).
424 3164 524 3247 Atqui
546 3183 617 3231 cum
640 3163 822 3230 Stratonem
854 3161 894 3228 de
923 3160 1019 3229 rebus
1048 3153 1187 3227 inuentis
1209 3161 1321 3242 dispu-¹

245 3271 366 3332 tantem
388 3266 508 3350 Ephori
530 3267 699 3333 sententiIs
720 3265 946 3350 impugnandis
966 3263 1167 3348 potissimum
1190 3281 1318 3345 operam

332 3476 363 3554 l)
384 3476 453 3534 Non
475 3475 626 3550 intellego,
649 3492 724 3554 quae
746 3473 950 3532 Eichholtziur
971 3493 1000 3549 p.
1024 3477 1064 3531 20
1087 3473 1123 3532 de
1146 3471 1320 3549 Asclepiade

245 3567 276 3623 et
298 3560 435 3621 Stratone
460 3563 544 3622 dixit.
561 3560 744 3637 Asclepiadis
758 3559 838 3618 enim
860 3559 896 3618 fr.
917 3563 953 3617 12
975 3557 1086 3638 (Sahal.
1102 3558 1190 3617 Hom.
1205 3557 1227 3614 Z
1245 3558 1318 3636 leo)

241 3668 280 3708 ne
295 3647 401 3708 noenia
414 3648 534 3727 quidem
549 3639 610 3724 εὕρ.
621 3645 714 3704 ullum
729 3645 930 3720 significatnrr
944 3644 1205 3722 Bellerophontem
1220 3650 1319 3704 autem

243 3737 357 3811 Pegaso
388 3752 464 3814 equo
497 3753 581 3793 usum
611 3751 676 3792 esse
708 3732 767 3790 iam
796 3733 833 3791 ah
864 3730 1006 3804 Hesiodo,
1036 3730 1175 3802 Pindaro,
1197 3729 1317 3806 tragicis

243 3822 355 3882 discere
384 3820 483 3896 potuit
512 3818 833 3894 heurematographus,
861 3836 948 3896 quern
979 3820 1097 3875 secutus
1119 3813 1233 3874 Plinius
1257 3815 1323 3874 vn·

243 3911 304 3967 2⁰2
327 3903 588 3982 Bellerophontem
610 3903 776 3966 inuentoria
798 3902 884 3962 laude
899 3903 1025 3962 ornauit.
1042 3892 1212 3978 εὑρήματος
1232 3902 1318 3961 testis

242 4001 288 4053 est
309 3991 407 4052 Sahal.
429 3992 515 4051 Pind.
540 3992 627 4070 Pyth.
650 3989 677 4050 V
701 3996 735 4062 63
759 3989 806 4049 01.
829 3989 845 4047 I
871 3993 945 4061 lse;
968 3987 1051 4048 XIII
1073 3987 1125 4046 27,
1324 4011 1325 4020 ¹
