3190 4882
696 410 909 477 -15-

260 580 299 645 δὲ
309 579 366 645 καί
374 574 572 662 ἀναξυρίδας
585 583 614 664 ι)
627 580 749 669 καίνὴν
763 584 827 646 τῶν
843 575 999 662 εὐνούχων
1011 577 1227 668 ὑπουργίαν)
1238 579 1342 670 cirpcir

260 680 318 747 καί
354 682 425 747 διὰ
460 679 624 766 βίβλων
669 682 746 760 τὰς
791 677 1060 769 ἀποκρίσεις
1098 690 1341 752 ποιεῖσθαι.

263 784 371 850 πολλοὶ
402 781 439 850 δὲ
460 781 658 866 ὑποτάξασα
680 780 761 871 ἔθνη
783 785 1032 872 astructorem]
1054 785 1111 850 uui
1133 779 1343 874 ἀνδρειοτάτη

262 884 296 950 ἕν
319 885 420 950 παντὶ
441 882 524 971 ἔργῳ
555 884 708 970 ἐγένετο.“
759 887 1094 970 Heurematographus
1125 891 1206 954 enirn
1238 892 1342 956 nescio

261 991 332 1070 quis
364 1008 436 1054 cum
466 1009 503 1054 ex
532 989 688 1056 Hellanioi
719 990 860 1055 Persicis
888 992 1024 1057 Atossae
1054 992 1183 1057 inuenta
1215 993 1278 1056 tria
1299 1027 1341 1038 -—

263 1093 389 1171 tiaram,
419 1093 561 1170 braccas,
592 1092 807 1157 eunuchorum
839 1093 1021 1159 institutum
1045 1128 1087 1140 -
1121 1094 1341 1174 excerpsisset‚

261 1195 358 1259 etiem
391 1195 505 1274 uerba,
544 1213 626 1275 quae
657 1195 787 1260 tertium
825 1189 889 1280 εὕρ.
918 1195 1120 1277 excipiebant
1152 1194 1243 1280 (,‚aol
1284 1195 1339 1260 (1ιά

261 1291 384 1377 βίβλων
423 1295 482 1372 τὰς
511 1289 746 1380 ἀποκρίσειςθ)
773 1299 1001 1378 ποιεῖσθαι“),
1030 1300 1123 1379 quasi
1152 1299 1185 1363 id
1218 1317 1341 1381 quoque

260 1399 344 1463 inter
380 1399 510 1464 inuenta
546 1406 647 1479 esset,
685 1401 716 1464 in
754 1401 956 1465 conlectanea
993 1418 1051 1465 sua
1087 1401 1207 1466 adiecit
1243 1405 1341 1480 atque

260 1501 307 1565 ita
329 1519 367 1566 ea
389 1493 618 1583 interpretatus
641 1507 700 1581 est,
722 1506 759 1566 ut
774 1502 922 1566 Atossam
945 1503 1162 1582 epistolas
1185 1502 1341 1569 scribendi

262 1603 468 1670 inuentrioem
490 1604 683 1685 perhiberet
727 1603 943 1669 Periculosum
970 1623 1045 1688 ergo
1067 1612 1116 1670 est
1144 1605 1340 1670 heurematis

263 1713 407 1770 ueterum
429 1705 638 1789 confidere⁴).

350 1809 506 1887 Quoniam
529 1809 655 1888 singula
676 1828 758 1890 quae
781 1809 936 1874 'setianus
958 1809 1079 1890 profert
1107 1811 1239 1876 inuenta
1267 1827 1340 1890 per-

262 1912 451 1992 censuimus,
484 1928 567 1975 nunc
598 1911 774 1991 uideamus,
808 1912 884 1992 quid
919 1913 993 1976 inde
1024 1913 1065 1976 de
1095 1917 1163 1976 toto
1193 1911 1340 1991 catalogo

351 2171 380 2243 1)
405 2170 500 2229 Simili
523 2172 610 2229 modo
626 2171 739 2230 Persioi
762 2171 888 2229 uestitus
911 2170 1071 2244 exoogitati
1093 2172 1191 2230 honor
1211 2171 1352 2230 defertur

261 2255 297 2312 ad
319 2256 455 2314 Medeam
478 2274 524 2332 ap.
548 2256 644 2315 Strab.
666 2257 715 2314 XI
740 2261 788 2329 13,
814 2261 852 2314 10
876 2263 906 2315 et
927 2257 966 2314 ad
987 2255 1180 2314 Samiramin:
1204 2258 1240 2314 ef.
1264 2275 1339 2333 quae

260 2340 339 2397 infra
360 2361 389 2416 p.
413 2346 453 2398 42
477 2343 511 2399 ad
528 2341 618 2400 Olem.
641 2342 728 2400 Alex.
753 2339 768 2418 ξ
792 2346 832 2399 48
856 2342 1005 2400 adnotaui.

348 2427 379 2501 2)
401 2429 438 2485 of.
461 2427 628 2487 Demetai
658 2426 724 2485 Ter.
747 2427 824 2486 Eun.
847 2427 864 2484 Ι
888 2433 914 2499 2,
941 2426 979 2483 87
1003 2453 1045 2476 =
1068 2427 1187 2484 Helian.
1211 2427 1245 2483 fr.
1272 2430 1341 2487 169.

347 2511 379 2588 3)
402 2513 486 2569 Idem
508 2513 571 2570 fere
593 2512 771 2584 institutum,
796 2513 860 2570 dieo
883 2530 1045 2586 „response
1066 2511 1206 2584 gentibus
1228 2530 1281 2585 per
1296 2511 1341 2568 in-

262 2595 431 2655 ternuntios
470 2598 561 2668 dari“,
600 2617 617 2654 a
648 2597 728 2654 Nino
761 2598 949 2673 Assyriorum
980 2615 1051 2670 rege
1090 2597 1246 2654 inuentum
1277 2615 1340 2655 esse

264 2681 354 2739 simili
385 2682 640 2756 argumentatione
671 2681 787 2757 prolata
816 2682 949 2741 Iustinus
970 2682 988 2739 I
1010 2686 1038 2754 2,
1064 2686 1102 2739 12
1125 2685 1341 2740 commemorat.

348 2766 380 2844 4)
404 2768 524 2825 Famam
547 2769 693 2846 quandam
723 2767 814 2840 loeus,
846 2787 934 2848 quem
956 2766 1090 2838 tractam,
1120 2767 1275 2825 adsecutus
1297 2775 1343 2824 est

263 2871 316 2926 per
338 2853 536 2931 Bentleyium,
560 2853 611 2930 qui
634 2872 669 2910 eo
692 2873 762 2910 usus
785 2860 838 2925 est,
861 2858 895 2911 ut
916 2852 1057 2927 epistolas
1078 2850 1269 2909 Phalarideas
1287 2852 1340 2909 isl-

261 2957 308 2996 sas
341 2956 405 2996 esse
435 2940 667 2996 demonstraret:
697 2935 866 3000 Phaloria.
899 2938 943 2996 ed.
974 2937 1120 2996 Ribbeck.
1142 2956 1171 3011 p.
1198 2940 1257 2993 530
1274 2956 1340 3016 sqq.

260 3023 376 3081 Deinde
398 3023 581 3084 Dodwellius
603 3020 656 3085 De
678 3026 782 3085 aetate
797 3019 932 3084 Pitaioer.
948 3024 978 3083 ei
991 3018 1085 3102 Pptb.
1107 3021 1196 3080 1704.
1218 3041 1247 3096 p.
1263 3022 1342 3081 VIH

260 3109 397 3168 euincere
427 3108 541 3168 studuit
569 3111 605 3166 ab
640 3113 747 3167 Atossa
769 3117 915 3183 repertam
946 3126 1010 3166 esse
1041 3126 1101 3165 non
1130 3112 1223 3166 artem
1246 3107 1341 3182 ipsam

261 3193 401 3269 epistolas
423 3194 579 3266 scribendi,
612 3194 663 3251 sed
696 3193 812 3251 tabulas
834 3191 1008 3268 epistolares
1039 3193 1168 3251 inuicem
1192 3194 1341 3268 oompagi-

260 3280 366 3348 nandi;
389 3281 498 3338 frustra
513 3284 612 3337 tamen
629 3280 746 3338 sudauit
765 3279 798 3337 in
813 3270 986 3335 ουντοίοσειν
1001 3280 1093 3337 uerbo
1108 3278 1340 3353 interpretando,

260 3365 339 3442 quod
371 3364 447 3424 sieut
475 3363 491 3443 ἓ
517 3370 554 3421 12
586 3365 628 3423 ita
658 3367 714 3423 hoe
736 3383 855 3443 quoque
877 3363 943 3422 loeo
976 3362 1052 3421 nihil
1083 3362 1164 3420 aliud
1196 3362 1344 3437 signifieat

260 3451 318 3508 nisi
351 3469 527 3525 componere
558 3451 606 3508 uel
646 3450 783 3509 scribere.
839 3449 947 3507 Mirum
979 3467 1052 3506 uero
1084 3448 1115 3505 in
1146 3451 1264 3506 modum
1295 3468 1340 3506 er·

259 3542 402 3593 rauerunt
423 3537 570 3594 Krafftius
593 3541 623 3594 et
645 3535 806 3594 Teuffelius
830 3536 962 3594 dieentes
992 3533 1096 3610 Pauly.
1120 3530 1302 3595 RealEoe.
1325 3534 1340 3588 Ι

262 3627 280 3678 2
304 3621 415 3697 (1886)
437 3641 467 3696 p.
491 3625 592 3680 20392
615 3618 766 3696 „Helium
783 3618 962 3683 beecicbact
976 3616 1096 3681 Atossu
1119 3617 1169 3680 uis
1184 3617 1235 3680 die
1250 3620 1340 3694 ersis,

258 3704 372 3769 welche
393 3704 508 3785 Bricfc
536 3705 702 3785 narsaeus,
734 3704 764 3768 d.
787 3704 815 3768 b.
839 3705 885 3768 sic
914 3722 984 3766 ωον
1006 3703 1075 3766 ciue
1098 3701 1155 3764 der
1174 3700 1341 3782 frribcsieu

258 3789 431 3865 Personam,
464 3789 520 3853 der
549 3810 627 3854 mon
657 3789 772 3870 Briefc
802 3787 1018 3854 aamrscbobf‘
1068 3790 1148 3846 Num
1180 3789 1238 3846 iam
1271 3794 1340 3847 onte

259 3876 456 3950 Hellanioum,
480 3881 629 3936 uetustum
652 3878 736 3935 illum
758 3877 942 3947 historicum,
965 3873 1174 3950 suppositieiae
1197 3873 1339 3950 epistolae

259 3963 544 4023 circumferebantur
554 3961 565 4019 ?
