3190 4882
664 385 875 471 „35ss

234 570 278 635 tis
299 571 418 655 Libyes
439 570 563 640 icrunt:
586 571 678 638 Diod.
694 573 852 654 111.6o‚2
874 584 908 642 et
930 575 974 642 IV
989 577 1041 655 27,
1058 579 1086 643 1.
1131 577 1200 655 Quo
1216 580 1312 646 resti·

234 681 306 740 tuto
327 675 386 741 hec
407 668 471 761 ώρ.
493 676 613 758 optime
635 677 774 758 quadrat
795 679 837 743 ad
860 679 879 761 ξ
903 677 953 745 15.
975 716 1018 726 -

319 779 338 860 5
360 779 401 846 28
423 773 583 865 ,Μήδειά
609 800 645 844 τε
667 773 687 865 ἦ
707 774 839 867 Αἰήτου
867 775 887 868 η
910 779 1035 862 Κολχίς
1067 778 1182 870 πρώτη
1203 783 1313 873 βαφὴν

233 877 353 966 reapse
375 876 584 968 ἐπενόησεν.“
618 882 735 948 Mirum
766 884 827 948 boc
847 877 912 971 εὕρ.
935 902 973 950 en
996 886 1172 952 insaniente
1194 904 1311 968 eorum,

233 984 287 1065 qui
297 983 531 1065 pragmaticam
542 983 611 1048 siue
620 985 804 1051 historicam
820 986 1000 1068 mythorum
1016 988 1310 1071 interpretationem

233 1085 430 1165 exercebant,
453 1086 611 1168 sapientia
632 1088 813 1153 manauisse
835 1089 928 1154 docet
956 1089 1109 1172 Palaepn
1131 1092 1172 1157 da
1192 1090 1309 1157 incred.

230 1190 274 1255 44
294 1207 327 1271 p.
349 1188 415 1255 306
437 1187 623 1256 Westcrm.:
646 1187 752 1275 ,,Περί
774 1187 926 1277 Μηδείας
948 1190 1051 1278 φασίν
1072 1188 1095 1257 εἴ
1100 1217 1118 1271 ς
1138 1185 1310 1280 &admoveo

231 1290 306 1370 τοὺς
327 1287 516 1379 πρεσβύτας
537 1289 628 1368 νέους
650 1289 768 1358 ἐποίει.
792 1291 917 1378 ἐγένετο
938 1292 976 1359 δὲ
996 1294 1152 1360 τοιοῦτον.
1177 1291 1309 1383 Μήδεια

231 1390 346 1481 πρώτη
376 1398 524 1460 τοιοῦτον
557 1389 666 1472 ἄνθος
699 1383 770 1482 εὗρε
800 1391 977 1480 δυνάμενον
1013 1393 1069 1462 καί
1106 1395 1167 1475 τὰς
1194 1397 1312 1477 λευκὰς

230 1493 343 1586 τρίχας
372 1501 509 1585 ποιῆσαι
538 1494 704 1582 μελαίνας.
739 1497 815 1576 τούς
850 1491 906 1564 οὖν
933 1497 1090 1584 γέροντας
1118 1497 1155 1565 ἐκ
1184 1501 1310 1566 πολιῶν

231 1597 389 1685 μελαίνας
421 1595 533 1687 τρίχας
563 1595 697 1680 iporeae
736 1597 843 1666 ἐποίει
880 1598 1070 1687 φαίνεσθαι.
1101 1599 1221 1686 πυρίαν
1254 1596 1311 1669 οὖν

231 1698 344 1791 πρώτη
371 1698 499 1789 Μήδεια
522 1698 663 1789 ἐφεῦρεν.
686 1700 842 1790 ἒπερίαζε
871 1703 933 1791 ηαὶρ
961 1703 1004 1768 τὰ
1034 1701 1173 1789 σώματα
1195 1699 1253 1772 οὐκ
1275 1701 1309 1772 ἐν

230 1809 277 1893 τῷ
301 1807 477 1893 προφανεί,
508 1805 563 1869 ἵνα
592 1800 637 1892 μή
667 1828 719 1881 τις
740 1801 837 1894 μάθῃ
858 1809 924 1872 τών
946 1801 1074 1894 ἰατρῶν,
1098 1810 1251 1894 πυριώσα
1273 1808 1310 1874 δὲ

230 1901 337 1992 ὥρκου
358 1905 471 1993 μηδενί
493 1903 632 1994 μηνίειν.
656 1901 759 1992 ίίνομα
781 1907 819 1973 δὲ
833 1899 870 1996 ἦν
884 1911 932 1995 τῷ
947 1904 1131 1996 πυριώματι
1155 1908 1309 1996 παρέψη·

231 2030 294 2088 σις.
318 2005 431 2097 ὥσπερ
461 2000 517 2074 οὖν
537 2006 733 2096 κουφότεροι
761 2005 793 2076 oi
820 2006 997 2098 ἅνθρωποι
1025 2008 1081 2075 καί
1101 2006 1309 2098 ὑγιεινότεροι

229 2109 377 2198 ἐγίνοντο
403 2107 615 2199 πυριώμενοι.
639 2109 676 2177 ἐκ
699 2110 739 2200 δὴ
760 2108 875 2178 τούτου
891 2108 1028 2199 ὁρῶντες
1049 2112 1106 2202 τὴν
1127 2134 1310 2199 παρασκευ-

228 2211 275 2304 ήν,
299 2213 436 2302 λέβητας
456 2213 514 2280 καὶ
535 2210 616 2296 ξύλα
637 2213 695 2280 καὶ
710 2218 785 2302 πῦρ,
809 2210 976 2305 ἐνόμισαν,
991 2211 1012 2280 d
1018 2239 1036 2293 ς
1058 2211 1136 2300 ἕψει
1157 2214 1234 2294 τούς
1254 2209 1308 2282 ἆν-

227 2314 396 2406 θρώπους.
419 2314 438 2383 ὁ
459 2317 496 2384 δὲ
510 2313 645 2398 Πελίας,
669 2313 852 2404 ἄνθρωπος
864 2315 966 2405 γέρων
987 2315 1045 2382 καί
1067 2311 1220 2408 ἀσθενής,
1243 2345 1306 2386 πυ-

229 2417 389 2509 ριώμενος
412 2414 614 2486 ἀπέθανεν.“
658 2422 772 2486 Totam
788 2422 940 2503 exscripsi
963 2423 1179 2489 narrationem
1201 2424 1309 2491 misel-

156 2605 159 2610 .
228 2525 302 2604 lam,
324 2530 360 2589 ut
381 2523 630 2590 luculentissimo
651 2525 711 2589 boc
734 2523 877 2605 exemplo
899 2525 1033 2590 istorum
1057 2524 1307 2608 mytbographo·

230 2645 300 2692 rum
324 2629 436 2692 modus
466 2625 699 2709 interpretandi
727 2627 837 2692 statim
860 2626 1082 2709 perspiciatur,
1113 2628 1232 2711 quippe
1254 2630 1306 2694 cui

228 2729 387 2812 permulta
408 2731 540 2795 inuenta
573 2747 654 2795 noua
685 2730 873 2795 debeantur.
917 2730 1114 2811 Quicumque
1142 2730 1224 2795 enim
1247 2749 1304 2812 pro

228 2833 296 2899 deis
318 2833 419 2897 solam
443 2833 597 2897 rationem
621 2833 713 2898 dcam
736 2831 884 2897 colebant
906 2867 947 2877 —
969 2833 1211 2898 Euhemeristas
1233 2833 1305 2898 dico

227 2943 260 3001 et
288 2936 320 3002 in
342 2934 456 3017 primis
479 2932 557 3020 περὶ
578 2927 732 2999 ἀπίστων
761 2935 932 3016 scriptores
960 2969 1012 3015 -,
1044 2936 1093 3000 ita
1126 2936 1159 3000 in
1190 2933 1307 3001 fabulis

226 3037 420 3121 explicandis
443 3036 667 3119 narrabantur,
690 3043 726 3102 nt
742 3036 889 3120 quamuis
912 3037 1113 3103 incredibiles
1128 3055 1183 3103 eas
1198 3037 1306 3103 existi·

227 3146 359 3219 merent,
389 3139 512 3220 aliquid
542 3143 647 3205 tamen
670 3139 740 3204 neri
762 3138 808 3205 eis
829 3138 961 3204 subesse
982 3140 1199 3221 opinarentur,
1222 3142 1307 3224 quod

226 3241 388 3308 lenociniis
408 3241 543 3324 poeticis
565 3242 703 3309 detersis
726 3241 949 3322 erroribusque
971 3242 1132 3308 bominum
1155 3244 1307 3310 correctis

227 3345 346 3426 ingenii
368 3346 506 3412 acumini
522 3345 711 3411 eliciendum
727 3351 821 3411 esset.
865 3346 944 3411 Inde
962 3363 1034 3413 cum
1051 3345 1213 3412 miraculis
1230 3363 1305 3409 uera

225 3449 364 3515 eximere
386 3449 493 3514 cenati
515 3447 641 3515 fabulas
655 3467 785 3531 prorsus
800 3449 1111 3532 transmutauissent,
1134 3467 1195 3514 non
1210 3445 1306 3513 semel

225 3554 266 3617 ad
288 3551 475 3618 heuremata
504 3551 769 3617 comminiscenda
799 3552 931 3617 adducti
962 3556 1048 3616 sunt.
1092 3551 1190 3618 Cuius
1221 3548 1306 3613 modi

225 3653 370 3736 exempla
407 3672 509 3735 pauca
539 3654 680 3719 breuiter
716 3656 870 3719 adnotare
900 3672 961 3719 non
993 3654 1051 3720 abs
1087 3673 1121 3719 re
1160 3670 1228 3717 esse
1258 3652 1306 3717 ui·

224 3759 337 3836 detur,
365 3757 531 3838 quoniam,
571 3760 725 3838 quantum
764 3757 807 3821 ad
843 3755 1195 3837 beurematographiam
1227 3754 1305 3820 haec

224 3859 306 3925 ratio
337 3858 516 3937 contulerit,
546 3859 651 3923 adbuc
683 3859 861 3938 quaesitum
893 3878 953 3924 non
977 3864 1035 3924 est.
1072 3851 1181 3922 ‘Atlas
1202 3864 1305 3922 astro·

223 3962 341 4045 logiam
363 3953 514 4027 inuenit':
544 3960 625 4025 Plin.
648 3979 677 4024 n.
699 3961 730 4025 b.
753 3959 902 4027 V11203
925 3959 963 4025 cf.
986 3959 1141 4100 Heraclit.
1164 3961 1205 4025 de
1226 3959 1303 4026 incr·

1070 4071 1087 4124 3
