3190 4882
673 373 883 441 -25-

244 542 426 609 Τουσκανοί
447 549 554 610 autem
576 542 710 611 formam
735 547 768 629 (ξ
793 548 849 630 21)
871 547 914 612 ad
936 547 1110 610 Romanam
1135 546 1319 611 memoriam

240 648 390 713 reuocaui
411 666 510 728 supra
532 649 573 714 ad
597 649 667 712 Tat.
683 650 702 731 ξ
721 651 769 714 11.
813 649 1011 714 Offendimua
1033 667 1110 712 uero
1133 667 1199 738 non·
1217 650 1319 714 solnm

239 751 332 814 inea
356 769 398 828 re,
431 752 515 829 quod
535 742 675 826 Ἰταλίας
696 747 835 834 γείτονες
865 739 1094 832 significantur,
1126 753 1183 816 sed
1214 737 1321 834 etiam,

240 854 324 933 quod
347 853 479 918 uerbum
501 853 563 920 hac
593 854 813 936 §adhibitum
845 874 864 919 a
886 860 1064 919 ceterarum
1087 853 1224 936 catalogi
1248 874 1319 920 nara

242 957 401 1020 rationum
424 957 652 1022 consuetudine
675 957 834 1023 abhorret.
879 957 1114 1021 Enumerantur
1136 957 1219 1021 enim
1242 957 1319 1022 heu·

241 1065 364 1122 remata
393 1057 479 1123 hisee
511 1059 577 1125 iere
616 1060 734 1126 modis:
776 1067 951 1142 usurpatur
984 1065 1040 1124 aut
1071 1058 1204 1124 uerbum
1247 1061 1317 1124 siue

241 1161 420 1226 inueniendi
443 1162 510 1227 siue
532 1162 666 1227 docendi
688 1162 815 1246 aliquod
848 1167 906 1227 aut
938 1163 1069 1228 uerbum
1100 1161 1225 1227 finitum
1249 1180 1318 1226 cum

240 1263 373 1346 πρῶτος
389 1264 501 1329 uocnla
517 1266 646 1344 addita3
671 1274 848 1346 repugnant
871 1266 938 1330 sola
953 1265 1053 1330 uerba
1068 1255 1217 1344 αὐξάνειν
1232 1265 1250 1347 5
1269 1265 1317 1342 14,

240 1367 281 1430 de
313 1384 375 1447 quo
409 1365 491 1431 inira
522 1367 672 1448 dicemus,
701 1374 733 1432 et
756 1359 909 1451 ἀκριβοῦν
931 1386 977 1447 eo,
1010 1385 1104 1448 quem
1135 1372 1319 1445 tractamus,

241 1470 317 1533 loco.
349 1470 438 1547 Quae
453 1486 522 1533 cum
539 1472 585 1533 ita
600 1471 675 1548 sint,
690 1469 883 1535 Clementem
907 1470 953 1535 eis
975 1465 1110 1555 εὑρετῶν
1131 1461 1319 1548 nominibus,

243 1570 370 1653 quaein
386 1569 472 1635 fonte
488 1571 599 1652 legerit
615 1610 655 1616 —
671 1571 857 1655 Cypriorum
874 1573 945 1638 dico
961 1578 994 1638 et
1009 1573 1256 1641 Chaldaeorum:
1280 1571 1317 1637 ci.

241 1672 310 1738 Tat.
326 1674 399 1754 §43
423 1673 517 1755 Greg.
534 1675 553 1754 ,δ
570 1675 610 1738 14
625 1684 658 1740 et
673 1673 756 1739 inira
771 1695 800 1756 p.
816 1675 858 1741 47
869 1694 936 1758 sqq.
954 1713 1003 1755 —,
1022 1676 1201 1758 repudiatis
1215 1677 1317 1758 ipsum

240 1794 278 1840 ox
296 1793 356 1840 sua
390 1776 566 1856 cognitione
603 1777 805 1859 supposuisse
842 1778 961 1844 conicio
997 1779 1165 1859 Etruscos,
1202 1779 1319 1860 quippe

244 1896 375 1958 quorum
399 1879 579 1961 aruspicina
601 1898 654 1944 ara
669 1917 709 1926 ——
725 1880 860 1946 maxime
883 1883 967 1962 apud
990 1881 1148 1946 Romanos
1165 1919 1204 1926 —
1221 1881 1319 1944 notis·

243 1981 323 2044 sima
346 1980 616 2062 usitatissimaque
637 1982 744 2061 fuerit,
767 1989 864 2063 atque
879 1983 926 2048 ita
941 1983 1079 2064 quidem,
1103 1990 1149 2063 ut,
1170 1983 1319 2063 quoniam

241 2082 314 2148 illos
347 2084 549 2164 aruspicinae
578 2085 780 2149 inuentae
813 2084 907 2149 laude
938 2090 1067 2150 ornatos
1098 2085 1233 2165 uiderit,
1271 2085 1319 2149 bis

242 2192 344 2252 artem
368 2186 577 2252 excultam
600 2186 802 2252 attribueret.
847 2186 974 2252 Etcum
991 2189 1059 2268 ipse
1075 2207 1190 2253 nonum
1206 2205 1317 2253 nomen

244 2288 472 2368 substituisset,
502 2291 594 2354 sedes
618 2290 727 2371 populi
755 2291 895 2355 indicare
918 2291 1046 2356 uidetur
1068 2290 1235 2371 cupidisse,
1258 2308 1321 2371 qua

243 2389 273 2453 in
298 2411 332 2457 re
355 2391 555 2472 neglegentia
578 2393 732 2474 peccauit.
756 2429 796 2437 —
1091 2385 1093 2390 ’

325 2495 344 2576 ξ
367 2495 387 2559 9
410 2488 573 2582 ,,’Ίσαινροι
603 2492 640 2558 δὲ
661 2491 719 2558 καὶ
739 2489 887 2582 Ἄραβες
909 2491 1111 2582 ἐξεπόνησαν
1132 2494 1189 2582 τὴν
1211 2493 1317 2561 οἰωνι-

243 2590 384 2682 σιικήν.“
429 2598 463 2680 a)
490 2627 533 2649 =
555 2597 625 2660 Tat.
648 2598 666 2679 ξ
689 2598 740 2677 3¹³;
776 2599 811 2678 b)
835 2597 873 2663 ci.
899 2598 962 2664 (lic.
985 2600 1049 2664 diu.
1072 2601 1089 2664 I
1112 2601 1163 2679 41,
1187 2599 1245 2679 92;
1267 2600 1320 2677 42,

326 2802 1070 2886 ᾔωηήεωῇὶῶῶ-

326 2907 344 2988 ξ
369 2906 421 2971 13⁸
451 2901 612 2988 „lcddpog
643 2903 680 2969 δὲ
707 2907 824 2986 Φοῖνιξ
846 2898 883 2993 ἦν
905 2901 922 2970 ὃ
945 2909 1008 2970 τῶν
1029 2902 1228 2994 γραμμάτων
1249 2899 1319 2970 Ἓλ-

241 3007 332 3092 λησιν
362 3002 499 3094 εὑρετής,
528 2999 575 3083 ὥς
604 3028 703 3093 φησιν
714 3001 864 3093 Ἔφορος,
895 3002 976 3072 ὅθεν
997 3007 1055 3074 καὶ
1082 3003 1253 3095 Φοινικήια
1275 3006 1317 3072 τὰ

240 3104 416 3195 γράμματα
432 3105 609 3194 Ἡρόδοτος
630 3109 809 3196 κεκλῆσθαι
833 3105 980 3195 γράφει.“
1024 3112 1113 3178 Idem
1137 3114 1224 3194 apud
1241 3113 1316 3176 Luc.

239 3215 351 3278 Tarrh.
366 3218 396 3294 ¹)
419 3215 451 3278 in
474 3213 612 3278 Beklreri
642 3217 701 3278 An.
725 3215 780 3278 Gr.
803 3233 833 3294 p.
857 3213 928 3290 783,
952 3215 981 3296 1,
1004 3215 1058 3295 qui
1081 3214 1202 3296 Ephori
1226 3215 1317 3280 testi·

239 3317 376 3381 monium
409 3318 450 3382 ad
483 3318 599 3382 librum
639 3318 776 3382 alterum
811 3318 951 3400 relegat;
990 3318 1163 3400 ambigitur
1200 3329 1328 3408 autem·

239 3425 345 3483 utrum
368 3421 589 3486 Historiarum
612 3420 808 3504 significetur
829 3421 911 3486 liber
933 3440 974 3486 an
997 3421 1065 3486 eius
1087 3422 1204 3503 operis,
1233 3419 1318 3503 quod

237 3545 274 3587 ιι.
291 3517 354 3606 εὕρ.
377 3521 526 3604 Ephorus
548 3523 742 3606 composuit;
766 3521 805 3588 ci.
829 3523 1064 3591 Eiohholtzium
1087 3544 1117 3605 p.
1135 3525 1185 3590 31.
1217 3525 1317 3589 Horo-

237 3625 305 3690 doti
328 3624 416 3690 locus
439 3632 488 3689 est
512 3625 539 3689 V
562 3627 617 3691 58.

290 3943 307 3996 3
329 3851 354 3994 13)
379 3851 423 3908 Of.
447 3852 751 3911 Hoerschelmannum
766 3852 839 3916 Act.
854 3870 915 3914 soc.
933 3850 1045 3932 philol.
1060 3849 1151 3932 Ilipa.
1174 3853 1218 3913 IV
1236 3852 1316 3911 1875

236 3959 264 4014 r·
312 3944 328 3994 3
368 3957 433 4016 ean·
