<?xml version="1.0" encoding="UTF-8"?>
<!DOCTYPE html PUBLIC "-//W3C//DTD XHTML 1.0 Transitional//EN"
    "http://www.w3.org/TR/xhtml1/DTD/xhtml1-transitional.dtd">
<html xmlns="http://www.w3.org/1999/xhtml" xml:lang="en" lang="en">
 <head>
  <title>
</title>
<meta http-equiv="Content-Type" content="text/html;charset=utf-8" />
  <meta name='ocr-system' content='tesseract 3.04.00' />
  <meta name='ocr-capabilities' content='ocr_page ocr_carea ocr_par ocr_line ocrx_word'/>
</head>
<body>
  <div class='ocr_page' id='page_1' title='image "./decatalogisheur01kremgoog_0074.png"; bbox 0 0 3184 4886; ppageno 0'>
   <div class='ocr_carea' id='block_1_1' title="bbox 658 447 870 534">
    <p class='ocr_par' dir='ltr' id='par_1_1' title="bbox 658 447 870 534">
     <span class='ocr_line' id='line_1_1' title="bbox 658 447 870 534; baseline 0 0"><span class='ocrx_word' id='word_1_1' title='bbox 658 447 870 534; x_wconf 38' lang='lat'>-597-</span> 
     </span>
    </p>
   </div>
   <div class='ocr_carea' id='block_1_2' title="bbox 223 629 1309 2358">
    <p class='ocr_par' dir='ltr' id='par_1_2' title="bbox 223 629 1309 1420">
     <span class='ocr_line' id='line_1_2' title="bbox 226 629 1307 724; baseline 0.006 -26"><span class='ocrx_word' id='word_1_2' title='bbox 226 629 311 713; x_wconf 74' lang='grc' dir='ltr'><strong><em>ὰεως</em></strong></span> <span class='ocrx_word' id='word_1_3' title='bbox 333 630 551 722; x_wconf 78' lang='grc' dir='ltr'><em>ἐφαψάμενος</em></span> <span class='ocrx_word' id='word_1_4' title='bbox 581 634 637 701; x_wconf 82' lang='grc' dir='ltr'><strong>καὶ</strong></span> <span class='ocrx_word' id='word_1_5' title='bbox 668 631 686 702; x_wconf 82' lang='grc' dir='ltr'><em>ὃ</em></span> <span class='ocrx_word' id='word_1_6' title='bbox 708 631 848 723; x_wconf 81' lang='grc' dir='ltr'><strong><em>Κλήμης</em></strong></span> <span class='ocrx_word' id='word_1_7' title='bbox 869 633 1053 704; x_wconf 77' lang='grc' dir='ltr'><strong><em>ἐπάκουσον</em></strong></span> <span class='ocrx_word' id='word_1_8' title='bbox 1076 633 1097 702; x_wconf 83' lang='grc' dir='ltr'>ἅ</span> <span class='ocrx_word' id='word_1_9' title='bbox 1122 641 1243 724; x_wconf 83' lang='grc' dir='ltr'>φησιν“</span> <span class='ocrx_word' id='word_1_10' title='bbox 1265 639 1307 704; x_wconf 83' lang='lat' dir='ltr'><strong>ad</strong></span> 
     </span>
     <span class='ocr_line' id='line_1_3' title="bbox 227 725 1308 824; baseline 0.002 -20"><span class='ocrx_word' id='word_1_11' title='bbox 227 737 425 821; x_wconf 87' lang='lat' dir='ltr'><strong>propositum</strong></span> <span class='ocrx_word' id='word_1_12' title='bbox 457 757 605 805; x_wconf 86' lang='lat' dir='ltr'><strong>reuersus</strong></span> <span class='ocrx_word' id='word_1_13' title='bbox 637 739 734 806; x_wconf 85' lang='lat' dir='ltr'><strong>Glem.</strong></span> <span class='ocrx_word' id='word_1_14' title='bbox 758 741 796 824; x_wconf 64' lang='grc' dir='ltr'><strong>ἕξ</strong></span> <span class='ocrx_word' id='word_1_15' title='bbox 821 725 904 824; x_wconf 69' lang='lat'>1211)</span> <span class='ocrx_word' id='word_1_16' title='bbox 926 746 958 807; x_wconf 89' lang='lat' dir='ltr'><strong>et</strong></span> <span class='ocrx_word' id='word_1_17' title='bbox 981 742 1023 808; x_wconf 88' lang='lat'><strong>15</strong></span> <span class='ocrx_word' id='word_1_18' title='bbox 1049 740 1209 821; x_wconf 80' lang='lat' dir='ltr'><strong>exhibuit3</strong></span> <span class='ocrx_word' id='word_1_19' title='bbox 1239 746 1308 807; x_wconf 90' lang='lat' dir='ltr'><strong>tum</strong></span> 
     </span>
     <span class='ocr_line' id='line_1_4' title="bbox 223 840 1308 926; baseline 0.002 -19"><span class='ocrx_word' id='word_1_20' title='bbox 223 841 266 907; x_wconf 84' lang='lat' dir='ltr'><strong>ab</strong></span> <span class='ocrx_word' id='word_1_21' title='bbox 289 841 381 908; x_wconf 92' lang='lat' dir='ltr'><strong>initio</strong></span> <span class='ocrx_word' id='word_1_22' title='bbox 404 840 501 908; x_wconf 85' lang='lat' dir='ltr'><strong>Glem.</strong></span> <span class='ocrx_word' id='word_1_23' title='bbox 525 842 663 926; x_wconf 84' lang='lat' dir='ltr'><strong>catalogi</strong></span> <span class='ocrx_word' id='word_1_24' title='bbox 686 843 856 925; x_wconf 82' lang='lat' dir='ltr'><strong>repetitam</strong></span> <span class='ocrx_word' id='word_1_25' title='bbox 872 844 891 926; x_wconf 65' lang='grc' dir='ltr'>ξ</span> <span class='ocrx_word' id='word_1_26' title='bbox 907 845 924 908; x_wconf 99' lang='grc'>1</span> <span class='ocrx_word' id='word_1_27' title='bbox 941 844 1087 926; x_wconf 90' lang='lat' dir='ltr'><strong>protulit,</strong></span> <span class='ocrx_word' id='word_1_28' title='bbox 1110 843 1184 915; x_wconf 89' lang='lat' dir='ltr'><strong>huic</strong></span> <span class='ocrx_word' id='word_1_29' title='bbox 1200 848 1308 909; x_wconf 86' lang='lat' dir='ltr'><strong>autem</strong></span> 
     </span>
     <span class='ocr_line' id='line_1_5' title="bbox 226 943 1308 1035; baseline 0.001 -27"><span class='ocrx_word' id='word_1_30' title='bbox 226 947 359 1035; x_wconf 81' lang='lat' dir='ltr'><strong>propter</strong></span> <span class='ocrx_word' id='word_1_31' title='bbox 393 943 573 1026; x_wconf 83' lang='lat' dir='ltr'><strong>argumenti</strong></span> <span class='ocrx_word' id='word_1_32' title='bbox 611 943 850 1011; x_wconf 91' lang='lat' dir='ltr'><strong>similitudinem</strong></span> <span class='ocrx_word' id='word_1_33' title='bbox 888 945 940 1028; x_wconf 87' lang='lat' dir='ltr'><strong>(cl.</strong></span> <span class='ocrx_word' id='word_1_34' title='bbox 969 965 1068 1028; x_wconf 90' lang='lat' dir='ltr'><strong>supra</strong></span> <span class='ocrx_word' id='word_1_35' title='bbox 1098 966 1130 1029; x_wconf 90' lang='lat' dir='ltr'><strong>p.</strong></span> <span class='ocrx_word' id='word_1_36' title='bbox 1155 945 1209 1030; x_wconf 88' lang='lat'><strong>18)</strong></span> <span class='ocrx_word' id='word_1_37' title='bbox 1247 963 1308 1010; x_wconf 92' lang='lat' dir='ltr'><strong>non</strong></span> 
     </span>
     <span class='ocr_line' id='line_1_6' title="bbox 225 1045 1309 1130; baseline 0.005 -20"><span class='ocrx_word' id='word_1_38' title='bbox 225 1045 333 1127; x_wconf 90' lang='lat' dir='ltr'><strong>inepte</strong></span> <span class='ocrx_word' id='word_1_39' title='bbox 355 1046 507 1112; x_wconf 81' lang='lat' dir='ltr'><strong>adnexuit</strong></span> <span class='ocrx_word' id='word_1_40' title='bbox 529 1047 548 1129; x_wconf 65' lang='grc' dir='ltr'>ξ</span> <span class='ocrx_word' id='word_1_41' title='bbox 571 1047 590 1110; x_wconf 88' lang='grc'>6</span> <span class='ocrx_word' id='word_1_42' title='bbox 613 1065 677 1112; x_wconf 90' lang='lat' dir='ltr'><strong>una</strong></span> <span class='ocrx_word' id='word_1_43' title='bbox 698 1065 769 1112; x_wconf 89' lang='lat' dir='ltr'><strong>oum</strong></span> <span class='ocrx_word' id='word_1_44' title='bbox 793 1047 832 1130; x_wconf 60' lang='grc' dir='ltr'><strong>ἓξ</strong></span> <span class='ocrx_word' id='word_1_45' title='bbox 855 1048 972 1114; x_wconf 80' lang='grc'>7-12.</span> <span class='ocrx_word' id='word_1_46' title='bbox 1017 1048 1138 1127; x_wconf 85' lang='lat' dir='ltr'>Quibus</span> <span class='ocrx_word' id='word_1_47' title='bbox 1166 1049 1309 1130; x_wconf 90' lang='lat' dir='ltr'><strong>particu-</strong></span> 
     </span>
     <span class='ocr_line' id='line_1_7' title="bbox 227 1145 1308 1234; baseline 0.006 -23"><span class='ocrx_word' id='word_1_48' title='bbox 227 1145 266 1212; x_wconf 85' lang='lat' dir='ltr'><strong>lis</strong></span> <span class='ocrx_word' id='word_1_49' title='bbox 298 1148 470 1230; x_wconf 82' lang='lat' dir='ltr'><strong>descriptis</strong></span> <span class='ocrx_word' id='word_1_50' title='bbox 499 1149 710 1232; x_wconf 84' lang='lat' dir='ltr'><strong>adductisque</strong></span> <span class='ocrx_word' id='word_1_51' title='bbox 742 1149 797 1229; x_wconf 86' lang='lat' dir='ltr'><strong>eis,</strong></span> <span class='ocrx_word' id='word_1_52' title='bbox 830 1168 911 1231; x_wconf 90' lang='lat' dir='ltr'><strong>quae</strong></span> <span class='ocrx_word' id='word_1_53' title='bbox 944 1150 1032 1216; x_wconf 89' lang='lat' dir='ltr'><strong>solae</strong></span> <span class='ocrx_word' id='word_1_54' title='bbox 1054 1152 1235 1218; x_wconf 86' lang='lat' dir='ltr'><strong>restabant:</strong></span> <span class='ocrx_word' id='word_1_55' title='bbox 1269 1152 1308 1234; x_wconf 57' lang='grc' dir='ltr'><strong>ἐξ</strong></span> 
     </span>
     <span class='ocr_line' id='line_1_8' title="bbox 225 1247 1308 1334; baseline 0.006 -20"><span class='ocrx_word' id='word_1_56' title='bbox 225 1247 321 1330; x_wconf 78' lang='lat'><strong>2-5,</strong></span> <span class='ocrx_word' id='word_1_57' title='bbox 343 1256 450 1317; x_wconf 85' lang='lat' dir='ltr'><strong>cetera</strong></span> <span class='ocrx_word' id='word_1_58' title='bbox 482 1250 587 1316; x_wconf 92' lang='lat' dir='ltr'><strong>omnia</strong></span> <span class='ocrx_word' id='word_1_59' title='bbox 616 1252 692 1317; x_wconf 86' lang='lat' dir='ltr'><strong>inde</strong></span> <span class='ocrx_word' id='word_1_60' title='bbox 715 1271 734 1316; x_wconf 94' lang='lat' dir='ltr'><strong>a</strong></span> <span class='ocrx_word' id='word_1_61' title='bbox 756 1252 774 1334; x_wconf 69' lang='grc' dir='ltr'>ξ</span> <span class='ocrx_word' id='word_1_62' title='bbox 799 1253 838 1317; x_wconf 88' lang='grc'><strong>16</strong></span> <span class='ocrx_word' id='word_1_63' title='bbox 861 1253 945 1318; x_wconf 91' lang='lat' dir='ltr'><strong>iusto</strong></span> <span class='ocrx_word' id='word_1_64' title='bbox 975 1252 1087 1318; x_wconf 89' lang='lat' dir='ltr'><strong>ordine</strong></span> <span class='ocrx_word' id='word_1_65' title='bbox 1117 1254 1163 1318; x_wconf 51' lang='lat' dir='ltr'><strong>in¹</strong></span> <span class='ocrx_word' id='word_1_66' title='bbox 1179 1253 1308 1320; x_wconf 84' lang='lat' dir='ltr'><strong>chartas</strong></span> 
     </span>
     <span class='ocr_line' id='line_1_9' title="bbox 228 1345 500 1420; baseline 0.007 -2"><span class='ocrx_word' id='word_1_67' title='bbox 228 1367 303 1418; x_wconf 89' lang='lat' dir='ltr'><strong>suas</strong></span> <span class='ocrx_word' id='word_1_68' title='bbox 325 1345 500 1420; x_wconf 82' lang='lat' dir='ltr'><strong>transtulit.</strong></span> 
     </span>
    </p>

    <p class='ocr_par' dir='ltr' id='par_1_3' title="bbox 225 1453 1309 2358">
     <span class='ocr_line' id='line_1_10' title="bbox 312 1453 1308 1542; baseline 0.005 -23"><span class='ocrx_word' id='word_1_69' title='bbox 312 1453 531 1522; x_wconf 83' lang='lat' dir='ltr'><strong>Eicbboltaius</strong></span> <span class='ocrx_word' id='word_1_70' title='bbox 547 1456 590 1539; x_wconf 90' lang='lat' dir='ltr'><strong>(p.</strong></span> <span class='ocrx_word' id='word_1_71' title='bbox 601 1457 702 1541; x_wconf 84' lang='grc'>4-8)</span> <span class='ocrx_word' id='word_1_72' title='bbox 718 1476 789 1524; x_wconf 91' lang='lat' dir='ltr'><strong>cum</strong></span> <span class='ocrx_word' id='word_1_73' title='bbox 806 1457 1047 1542; x_wconf 85' lang='lat' dir='ltr'><strong>compilatorum</strong></span> <span class='ocrx_word' id='word_1_74' title='bbox 1063 1458 1308 1524; x_wconf 91' lang='lat' dir='ltr'><strong>consuetudines</strong></span> 
     </span>
     <span class='ocr_line' id='line_1_11' title="bbox 227 1557 1308 1642; baseline 0.005 -20"><span class='ocrx_word' id='word_1_75' title='bbox 227 1557 415 1640; x_wconf 80' lang='lat' dir='ltr'><strong>ignorasset,</strong></span> <span class='ocrx_word' id='word_1_76' title='bbox 430 1559 617 1625; x_wconf 79' lang='lat' dir='ltr'><strong>¹desudauit</strong></span> <span class='ocrx_word' id='word_1_77' title='bbox 645 1558 677 1624; x_wconf 92' lang='lat' dir='ltr'><strong>iu</strong></span> <span class='ocrx_word' id='word_1_78' title='bbox 700 1579 739 1626; x_wconf 90' lang='lat' dir='ltr'><strong>ea</strong></span> <span class='ocrx_word' id='word_1_79' title='bbox 761 1578 806 1642; x_wconf 90' lang='lat' dir='ltr'><strong>re,</strong></span> <span class='ocrx_word' id='word_1_80' title='bbox 828 1565 866 1624; x_wconf 94' lang='lat' dir='ltr'><strong>ut</strong></span> <span class='ocrx_word' id='word_1_81' title='bbox 888 1558 1095 1641; x_wconf 79' lang='lat' dir='ltr'><strong>clementino,</strong></span> <span class='ocrx_word' id='word_1_82' title='bbox 1125 1579 1184 1626; x_wconf 94' lang='lat' dir='ltr'><strong>nou</strong></span> <span class='ocrx_word' id='word_1_83' title='bbox 1208 1561 1308 1627; x_wconf 84' lang='lat' dir='ltr'><strong>Euss-</strong></span> 
     </span>
     <span class='ocr_line' id='line_1_12' title="bbox 229 1660 1306 1744; baseline 0.004 -19"><span class='ocrx_word' id='word_1_84' title='bbox 229 1660 324 1726; x_wconf 92' lang='lat' dir='ltr'><strong>biano</strong></span> <span class='ocrx_word' id='word_1_85' title='bbox 345 1666 437 1727; x_wconf 85' lang='lat' dir='ltr'><strong>textu</strong></span> <span class='ocrx_word' id='word_1_86' title='bbox 452 1661 623 1744; x_wconf 84' lang='lat' dir='ltr'><strong>genuinum</strong></span> <span class='ocrx_word' id='word_1_87' title='bbox 639 1662 776 1744; x_wconf 85' lang='lat' dir='ltr'><strong>catalogi</strong></span> <span class='ocrx_word' id='word_1_88' title='bbox 791 1662 932 1727; x_wconf 89' lang='lat' dir='ltr'><strong>ordinem</strong></span> <span class='ocrx_word' id='word_1_89' title='bbox 949 1662 1036 1727; x_wconf 89' lang='lat' dir='ltr'><strong>tradi</strong></span> <span class='ocrx_word' id='word_1_90' title='bbox 1051 1667 1306 1730; x_wconf 85' lang='lat' dir='ltr'><strong>demonstraret:</strong></span> 
     </span>
     <span class='ocr_line' id='line_1_13' title="bbox 225 1763 1308 1848; baseline 0.002 -20"><span class='ocrx_word' id='word_1_91' title='bbox 225 1763 354 1846; x_wconf 89' lang='lat' dir='ltr'><strong>ipsese</strong></span> <span class='ocrx_word' id='word_1_92' title='bbox 383 1783 512 1846; x_wconf 85' lang='lat' dir='ltr'><strong>operam</strong></span> <span class='ocrx_word' id='word_1_93' title='bbox 542 1771 576 1830; x_wconf 94' lang='lat' dir='ltr'><strong>et</strong></span> <span class='ocrx_word' id='word_1_94' title='bbox 597 1765 701 1830; x_wconf 93' lang='lat' dir='ltr'><strong>oleum</strong></span> <span class='ocrx_word' id='word_1_95' title='bbox 730 1764 911 1847; x_wconf 86' lang='lat' dir='ltr'><strong>perdidisse</strong></span> <span class='ocrx_word' id='word_1_96' title='bbox 932 1763 1150 1847; x_wconf 82' lang='lat' dir='ltr'><strong>intellexisset,</strong></span> <span class='ocrx_word' id='word_1_97' title='bbox 1173 1766 1201 1829; x_wconf 90' lang='lat' dir='ltr'><strong>si</strong></span> <span class='ocrx_word' id='word_1_98' title='bbox 1225 1784 1252 1830; x_wconf 92' lang='lat' dir='ltr'><strong>e.</strong></span> <span class='ocrx_word' id='word_1_99' title='bbox 1276 1785 1308 1848; x_wconf 86' lang='lat' dir='ltr'><strong>g.</strong></span> 
     </span>
     <span class='ocr_line' id='line_1_14' title="bbox 228 1865 1309 1948; baseline 0 -17"><span class='ocrx_word' id='word_1_100' title='bbox 228 1865 360 1932; x_wconf 89' lang='lat' dir='ltr'><strong>Diodori</strong></span> <span class='ocrx_word' id='word_1_101' title='bbox 384 1865 445 1932; x_wconf 85' lang='lat' dir='ltr'><strong>Sic.</strong></span> <span class='ocrx_word' id='word_1_102' title='bbox 468 1866 553 1932; x_wconf 89' lang='lat' dir='ltr'><strong>locos</strong></span> <span class='ocrx_word' id='word_1_103' title='bbox 575 1866 615 1932; x_wconf 91' lang='lat' dir='ltr'><strong>ab</strong></span> <span class='ocrx_word' id='word_1_104' title='bbox 632 1866 770 1932; x_wconf 85' lang='lat' dir='ltr'><strong>Eusebio</strong></span> <span class='ocrx_word' id='word_1_105' title='bbox 786 1872 950 1948; x_wconf 86' lang='lat' dir='ltr'><strong>excerptos</strong></span> <span class='ocrx_word' id='word_1_106' title='bbox 972 1884 1042 1931; x_wconf 91' lang='lat' dir='ltr'><strong>curn</strong></span> <span class='ocrx_word' id='word_1_107' title='bbox 1058 1866 1160 1947; x_wconf 90' lang='lat' dir='ltr'><strong>ipsius</strong></span> <span class='ocrx_word' id='word_1_108' title='bbox 1175 1866 1309 1931; x_wconf 90' lang='lat' dir='ltr'><strong>Diodori</strong></span> 
     </span>
     <span class='ocr_line' id='line_1_15' title="bbox 229 1969 1308 2049; baseline -0.001 -15"><span class='ocrx_word' id='word_1_109' title='bbox 229 1969 410 2034; x_wconf 87' lang='lat' dir='ltr'><strong>narratione</strong></span> <span class='ocrx_word' id='word_1_110' title='bbox 440 1969 636 2035; x_wconf 86' lang='lat' dir='ltr'><strong>contulisset.</strong></span> <span class='ocrx_word' id='word_1_111' title='bbox 689 1969 938 2036; x_wconf 87' lang='lat' dir='ltr'><strong>Accuratissime</strong></span> <span class='ocrx_word' id='word_1_112' title='bbox 966 1975 1074 2036; x_wconf 89' lang='lat' dir='ltr'><strong>autem</strong></span> <span class='ocrx_word' id='word_1_113' title='bbox 1104 1969 1145 2034; x_wconf 93' lang='lat' dir='ltr'><strong>de</strong></span> <span class='ocrx_word' id='word_1_114' title='bbox 1174 1969 1308 2049; x_wconf 87' lang='lat' dir='ltr'><strong>ratione,</strong></span> 
     </span>
     <span class='ocr_line' id='line_1_16' title="bbox 226 2071 1308 2154; baseline 0.002 -19"><span class='ocrx_word' id='word_1_115' title='bbox 226 2090 323 2154; x_wconf 89' lang='lat' dir='ltr'><strong>quarn</strong></span> <span class='ocrx_word' id='word_1_116' title='bbox 333 2071 491 2138; x_wconf 84' lang='lat' dir='ltr'><strong>Eusebius</strong></span> <span class='ocrx_word' id='word_1_117' title='bbox 506 2079 634 2138; x_wconf 91' lang='lat' dir='ltr'><strong>secutus</strong></span> <span class='ocrx_word' id='word_1_118' title='bbox 649 2073 692 2138; x_wconf 87' lang='lat' dir='ltr'><strong>sit</strong></span> <span class='ocrx_word' id='word_1_119' title='bbox 707 2072 738 2136; x_wconf 94' lang='lat' dir='ltr'><strong>iu</strong></span> <span class='ocrx_word' id='word_1_120' title='bbox 755 2072 963 2153; x_wconf 89' lang='lat' dir='ltr'><strong>compilandis</strong></span> <span class='ocrx_word' id='word_1_121' title='bbox 979 2071 1308 2154; x_wconf 90' lang='lat' dir='ltr'><strong>transscribendisque</strong></span> 
     </span>
     <span class='ocr_line' id='line_1_17' title="bbox 228 2171 1308 2257; baseline 0.001 -19"><span class='ocrx_word' id='word_1_122' title='bbox 228 2171 379 2256; x_wconf 86' lang='lat' dir='ltr'><strong>fontibus,</strong></span> <span class='ocrx_word' id='word_1_123' title='bbox 402 2176 671 2242; x_wconf 87' lang='lat' dir='ltr'><strong>Freudeuthalius</strong></span> <span class='ocrx_word' id='word_1_124' title='bbox 693 2175 876 2257; x_wconf 88' lang='lat' dir='ltr'><strong>disputauit</strong></span> <span class='ocrx_word' id='word_1_125' title='bbox 897 2172 1308 2242; x_wconf 75' lang='lat' dir='ltr'><strong>Helleaist.8tad.11875</strong></span> 
     </span>
     <span class='ocr_line' id='line_1_18' title="bbox 228 2277 400 2358; baseline 0 -16"><span class='ocrx_word' id='word_1_126' title='bbox 228 2295 262 2358; x_wconf 92' lang='lat' dir='ltr'><strong>p.</strong></span> <span class='ocrx_word' id='word_1_127' title='bbox 285 2277 400 2342; x_wconf 86' lang='grc'>3-16.</span> 
     </span>
    </p>
   </div>
   <div class='ocr_carea' id='block_1_3' title="bbox 736 2467 806 2549">
    <p class='ocr_par' dir='ltr' id='par_1_4' title="bbox 736 2467 806 2549">
     <span class='ocr_line' id='line_1_19' title="bbox 736 2467 806 2549; baseline -0.029 -17"><span class='ocrx_word' id='word_1_128' title='bbox 736 2467 806 2549; x_wconf 75' lang='lat' dir='ltr'><strong>§a</strong></span> 
     </span>
    </p>
   </div>
   <div class='ocr_carea' id='block_1_4' title="bbox 225 2584 1308 3064">
    <p class='ocr_par' dir='ltr' id='par_1_5' title="bbox 225 2584 1308 3064">
     <span class='ocr_line' id='line_1_20' title="bbox 301 2584 1308 2669; baseline 0.001 -21"><span class='ocrx_word' id='word_1_129' title='bbox 301 2584 435 2651; x_wconf 73' lang='lat' dir='ltr'><strong>&#39;Deinde</strong></span> <span class='ocrx_word' id='word_1_130' title='bbox 451 2585 682 2652; x_wconf 74' lang='lat' dir='ltr'><strong>clementinum</strong></span> <span class='ocrx_word' id='word_1_131' title='bbox 698 2586 879 2669; x_wconf 83' lang='lat' dir='ltr'><strong>catalogum</strong></span> <span class='ocrx_word' id='word_1_132' title='bbox 895 2587 1102 2668; x_wconf 89' lang='lat' dir='ltr'><strong>depeculatus</strong></span> <span class='ocrx_word' id='word_1_133' title='bbox 1118 2590 1166 2651; x_wconf 91' lang='lat' dir='ltr'><strong>est</strong></span> <span class='ocrx_word' id='word_1_134' title='bbox 1180 2585 1308 2651; x_wconf 89' lang='lat' dir='ltr'><strong>saeculo</strong></span> 
     </span>
     <span class='ocr_line' id='line_1_21' title="bbox 225 2687 1307 2772; baseline 0.006 -19"><span class='ocrx_word' id='word_1_135' title='bbox 225 2687 401 2753; x_wconf 87' lang='lat' dir='ltr'><strong>Vcirciter</strong></span> <span class='ocrx_word' id='word_1_136' title='bbox 435 2691 539 2755; x_wconf 90' lang='lat' dir='ltr'><strong>medio</strong></span> <span class='ocrx_word' id='word_1_137' title='bbox 569 2689 865 2756; x_wconf 87' lang='lat' dir='ltr'><strong>Theodoretus</strong></span> <span class='ocrx_word' id='word_1_138' title='bbox 898 2689 1064 2772; x_wconf 88' lang='lat' dir='ltr'><strong>episcopus</strong></span> <span class='ocrx_word' id='word_1_139' title='bbox 1087 2688 1307 2772; x_wconf 73' lang='lat' dir='ltr'><strong>cyrensis.</strong></span> 
     </span>
     <span class='ocr_line' id='line_1_22' title="bbox 228 2789 1308 2880; baseline 0.002 -26"><span class='ocrx_word' id='word_1_140' title='bbox 228 2789 290 2866; x_wconf 87' lang='lat' dir='ltr'><strong>Qui</strong></span> <span class='ocrx_word' id='word_1_141' title='bbox 318 2793 560 2880; x_wconf 75' lang='grc' dir='ltr'><strong><em>θεραπευτικῆς</em></strong></span> <span class='ocrx_word' id='word_1_142' title='bbox 590 2791 663 2859; x_wconf 88' lang='lat' dir='ltr'><strong>libri</strong></span> <span class='ocrx_word' id='word_1_143' title='bbox 693 2791 784 2858; x_wconf 91' lang='lat' dir='ltr'><strong>initio</strong></span> <span class='ocrx_word' id='word_1_144' title='bbox 813 2793 930 2859; x_wconf 90' lang='lat' dir='ltr'><strong>iterum</strong></span> <span class='ocrx_word' id='word_1_145' title='bbox 962 2793 1091 2859; x_wconf 89' lang='lat' dir='ltr'><strong>easdem</strong></span> <span class='ocrx_word' id='word_1_146' title='bbox 1121 2790 1197 2872; x_wconf 84' lang='lat' dir='ltr'><strong>lere,</strong></span> <span class='ocrx_word' id='word_1_147' title='bbox 1229 2809 1308 2872; x_wconf 91' lang='lat' dir='ltr'><strong>quas</strong></span> 
     </span>
     <span class='ocr_line' id='line_1_23' title="bbox 225 2892 1307 2977; baseline 0.001 -20"><span class='ocrx_word' id='word_1_148' title='bbox 225 2892 381 2960; x_wconf 88' lang='lat' dir='ltr'><strong>Tatianus</strong></span> <span class='ocrx_word' id='word_1_149' title='bbox 404 2894 549 2962; x_wconf 83' lang='lat' dir='ltr'><strong>Glemona</strong></span> <span class='ocrx_word' id='word_1_150' title='bbox 565 2895 730 2971; x_wconf 85' lang='lat' dir='ltr'><strong>Eusebius,</strong></span> <span class='ocrx_word' id='word_1_151' title='bbox 753 2895 928 2961; x_wconf 91' lang='lat' dir='ltr'><strong>sententias</strong></span> <span class='ocrx_word' id='word_1_152' title='bbox 942 2899 1129 2977; x_wconf 91' lang='lat' dir='ltr'><strong>persecutus</strong></span> <span class='ocrx_word' id='word_1_153' title='bbox 1143 2893 1176 2958; x_wconf 89' lang='lat' dir='ltr'><strong>iu</strong></span> <span class='ocrx_word' id='word_1_154' title='bbox 1192 2893 1307 2958; x_wconf 89' lang='lat' dir='ltr'><strong>beurc-</strong></span> 
     </span>
     <span class='ocr_line' id='line_1_24' title="bbox 227 2997 657 3064; baseline 0.002 -3"><span class='ocrx_word' id='word_1_155' title='bbox 227 3002 315 3062; x_wconf 85' lang='lat' dir='ltr'><strong>mata</strong></span> <span class='ocrx_word' id='word_1_156' title='bbox 337 2999 515 3064; x_wconf 89' lang='lat' dir='ltr'><strong>enarranda</strong></span> <span class='ocrx_word' id='word_1_157' title='bbox 535 2997 657 3064; x_wconf 91' lang='lat' dir='ltr'><strong>incidit.</strong></span> 
     </span>
    </p>
   </div>
   <div class='ocr_carea' id='block_1_5' title="bbox 313 3087 1309 3182">
    <p class='ocr_par' dir='ltr' id='par_1_6' title="bbox 313 3087 1309 3182">
     <span class='ocr_line' id='line_1_25' title="bbox 313 3087 1309 3182; baseline 0 -18"><span class='ocrx_word' id='word_1_158' title='bbox 313 3097 461 3168; x_wconf 79' lang='lat' dir='ltr'><strong>Graeca.</strong></span> <span class='ocrx_word' id='word_1_159' title='bbox 476 3101 576 3167; x_wconf 81' lang='lat' dir='ltr'><strong>affeci.</strong></span> <span class='ocrx_word' id='word_1_160' title='bbox 592 3120 657 3168; x_wconf 92' lang='lat' dir='ltr'><strong>cur.</strong></span> <span class='ocrx_word' id='word_1_161' title='bbox 673 3101 689 3166; x_wconf 95' lang='lat' dir='ltr'>I</span> <span class='ocrx_word' id='word_1_162' title='bbox 706 3102 747 3167; x_wconf 92' lang='grc'><strong>19</strong></span> <span class='ocrx_word' id='word_1_163' title='bbox 762 3119 792 3182; x_wconf 90' lang='lat' dir='ltr'><strong>p.</strong></span> <span class='ocrx_word' id='word_1_164' title='bbox 808 3101 838 3180; x_wconf 86' lang='lat' dir='ltr'><strong>d,</strong></span> <span class='ocrx_word' id='word_1_165' title='bbox 856 3099 899 3166; x_wconf 77' lang='lat'><strong>50</strong></span> <span class='ocrx_word' id='word_1_166' title='bbox 914 3117 981 3182; x_wconf 90' lang='lat' dir='ltr'><strong>sqq.</strong></span> <span class='ocrx_word' id='word_1_167' title='bbox 998 3098 1020 3164; x_wconf 88' lang='lat' dir='ltr'>S</span> <span class='ocrx_word' id='word_1_168' title='bbox 1036 3099 1100 3181; x_wconf 85' lang='lat' dir='ltr'><strong>(ed.</strong></span> <span class='ocrx_word' id='word_1_169' title='bbox 1117 3087 1309 3181; x_wconf 84' lang='lat' dir='ltr'><strong>Gaisford.):</strong></span> 
     </span>
    </p>
   </div>
   <div class='ocr_carea' id='block_1_6' title="bbox 227 3238 433 3249">
    <p class='ocr_par' dir='ltr' id='par_1_7' title="bbox 227 3238 433 3249">
     <span class='ocr_line' id='line_1_26' title="bbox 227 3238 433 3249; baseline 0.015 -3"><span class='ocrx_word' id='word_1_170' title='bbox 227 3238 433 3249; x_wconf 79' lang='lat'><strong>—.—</strong></span> 
     </span>
    </p>
   </div>
   <div class='ocr_carea' id='block_1_7' title="bbox 226 3319 1310 4091">
    <p class='ocr_par' dir='ltr' id='par_1_8' title="bbox 226 3319 1310 4091">
     <span class='ocr_line' id='line_1_27' title="bbox 238 3319 1308 3406; baseline -0.002 -23"><span class='ocrx_word' id='word_1_171' title='bbox 238 3320 241 3327; x_wconf 81' lang='grc'><strong>’</strong></span> <span class='ocrx_word' id='word_1_172' title='bbox 318 3327 345 3400; x_wconf 96' lang='lat' dir='ltr'><strong>l)</strong></span> <span class='ocrx_word' id='word_1_173' title='bbox 368 3326 476 3406; x_wconf 88' lang='lat' dir='ltr'><strong>Itaque</strong></span> <span class='ocrx_word' id='word_1_174' title='bbox 506 3327 695 3387; x_wconf 84' lang='lat' dir='ltr'><strong>Eichholtaio</strong></span> <span class='ocrx_word' id='word_1_175' title='bbox 725 3344 763 3383; x_wconf 86' lang='lat' dir='ltr'><strong>ne</strong></span> <span class='ocrx_word' id='word_1_176' title='bbox 794 3325 826 3383; x_wconf 90' lang='lat' dir='ltr'><strong>in</strong></span> <span class='ocrx_word' id='word_1_177' title='bbox 849 3319 881 3382; x_wconf 79' lang='grc' dir='ltr'><strong>δέ</strong></span> <span class='ocrx_word' id='word_1_178' title='bbox 902 3325 1049 3400; x_wconf 83' lang='lat' dir='ltr'><strong>particula</strong></span> <span class='ocrx_word' id='word_1_179' title='bbox 1071 3325 1191 3404; x_wconf 90' lang='lat' dir='ltr'><strong>quidem</strong></span> <span class='ocrx_word' id='word_1_180' title='bbox 1220 3322 1308 3382; x_wconf 87' lang='lat' dir='ltr'><strong>initio</strong></span> 
     </span>
     <span class='ocr_line' id='line_1_28' title="bbox 229 3407 1309 3490; baseline -0.002 -22"><span class='ocrx_word' id='word_1_181' title='bbox 229 3411 439 3489; x_wconf 84' lang='lat' dir='ltr'><strong>disputationis</strong></span> <span class='ocrx_word' id='word_1_182' title='bbox 466 3414 563 3489; x_wconf 87' lang='lat' dir='ltr'><strong>posita</strong></span> <span class='ocrx_word' id='word_1_183' title='bbox 586 3412 795 3471; x_wconf 87' lang='lat' dir='ltr'><strong>offendendum</strong></span> <span class='ocrx_word' id='word_1_184' title='bbox 818 3418 881 3471; x_wconf 89' lang='lat' dir='ltr'><strong>erat</strong></span> <span class='ocrx_word' id='word_1_185' title='bbox 904 3407 945 3488; x_wconf 94' lang='lat' dir='ltr'><strong>(p.</strong></span> <span class='ocrx_word' id='word_1_186' title='bbox 970 3412 1017 3490; x_wconf 86' lang='lat'><strong>8);</strong></span> <span class='ocrx_word' id='word_1_187' title='bbox 1041 3411 1077 3468; x_wconf 92' lang='lat' dir='ltr'><strong>de</strong></span> <span class='ocrx_word' id='word_1_188' title='bbox 1100 3409 1206 3470; x_wconf 86' lang='lat' dir='ltr'><strong>ceteris</strong></span> <span class='ocrx_word' id='word_1_189' title='bbox 1239 3428 1309 3468; x_wconf 90' lang='lat' dir='ltr'><strong>con·</strong></span> 
     </span>
     <span class='ocr_line' id='line_1_29' title="bbox 227 3492 1309 3577; baseline -0.004 -22"><span class='ocrx_word' id='word_1_190' title='bbox 227 3495 439 3571; x_wconf 84' lang='lat' dir='ltr'><strong>iunctionibus,</strong></span> <span class='ocrx_word' id='word_1_191' title='bbox 470 3517 546 3577; x_wconf 89' lang='lat' dir='ltr'><strong>quae</strong></span> <span class='ocrx_word' id='word_1_192' title='bbox 569 3497 597 3557; x_wconf 92' lang='lat' dir='ltr'><strong>ei</strong></span> <span class='ocrx_word' id='word_1_193' title='bbox 619 3499 661 3576; x_wconf 80' lang='lat' dir='ltr'><strong>(p.</strong></span> <span class='ocrx_word' id='word_1_194' title='bbox 686 3497 719 3574; x_wconf 84' lang='lat' dir='ltr'><strong>b)</strong></span> <span class='ocrx_word' id='word_1_195' title='bbox 748 3496 918 3573; x_wconf 86' lang='lat' dir='ltr'><strong>scrupalum</strong></span> <span class='ocrx_word' id='word_1_196' title='bbox 941 3503 1107 3569; x_wconf 91' lang='lat' dir='ltr'><strong>mouerunt,</strong></span> <span class='ocrx_word' id='word_1_197' title='bbox 1138 3514 1228 3572; x_wconf 87' lang='lat' dir='ltr'><strong>supra</strong></span> <span class='ocrx_word' id='word_1_198' title='bbox 1261 3492 1309 3568; x_wconf 81' lang='lat' dir='ltr'><strong>egi</strong></span> 
     </span>
     <span class='ocr_line' id='line_1_30' title="bbox 227 3577 1310 3664; baseline -0.005 -24"><span class='ocrx_word' id='word_1_199' title='bbox 227 3583 274 3640; x_wconf 77' lang='lat' dir='ltr'><strong>ad.</strong></span> <span class='ocrx_word' id='word_1_200' title='bbox 287 3582 378 3643; x_wconf 75' lang='lat' dir='ltr'><strong>clem.</strong></span> <span class='ocrx_word' id='word_1_201' title='bbox 402 3581 420 3664; x_wconf 67' lang='grc' dir='ltr'>ξ</span> <span class='ocrx_word' id='word_1_202' title='bbox 452 3585 501 3644; x_wconf 75' lang='lat'><strong>23.</strong></span> <span class='ocrx_word' id='word_1_203' title='bbox 548 3585 594 3642; x_wconf 80' lang='lat' dir='ltr'><strong>nb</strong></span> <span class='ocrx_word' id='word_1_204' title='bbox 626 3585 719 3644; x_wconf 87' lang='lat' dir='ltr'><strong>altera</strong></span> <span class='ocrx_word' id='word_1_205' title='bbox 749 3588 849 3643; x_wconf 87' lang='lat' dir='ltr'><strong>autem</strong></span> <span class='ocrx_word' id='word_1_206' title='bbox 877 3588 962 3659; x_wconf 87' lang='lat' dir='ltr'><strong>parte</strong></span> <span class='ocrx_word' id='word_1_207' title='bbox 996 3587 1099 3641; x_wconf 88' lang='lat' dir='ltr'><strong>contra</strong></span> <span class='ocrx_word' id='word_1_208' title='bbox 1127 3577 1310 3640; x_wconf 82' lang='lat' dir='ltr'><strong>Eiohholtaii</strong></span> 
     </span>
     <span class='ocr_line' id='line_1_31' title="bbox 226 3665 1310 3728; baseline -0.006 0"><span class='ocrx_word' id='word_1_209' title='bbox 226 3669 406 3728; x_wconf 68' lang='lat' dir='ltr'><strong>senentiam</strong></span> <span class='ocrx_word' id='word_1_210' title='bbox 435 3669 493 3728; x_wconf 89' lang='lat' dir='ltr'><strong>hoc</strong></span> <span class='ocrx_word' id='word_1_211' title='bbox 522 3687 643 3728; x_wconf 87' lang='lat' dir='ltr'><strong>moneo:</strong></span> <span class='ocrx_word' id='word_1_212' title='bbox 676 3667 836 3728; x_wconf 79' lang='lat' dir='ltr'><strong>Clementis</strong></span> <span class='ocrx_word' id='word_1_213' title='bbox 871 3668 1005 3727; x_wconf 87' lang='lat' dir='ltr'><strong>ordinem</strong></span> <span class='ocrx_word' id='word_1_214' title='bbox 1035 3669 1073 3726; x_wconf 82' lang='lat' dir='ltr'><strong>ab</strong></span> <span class='ocrx_word' id='word_1_215' title='bbox 1097 3665 1225 3724; x_wconf 83' lang='lat' dir='ltr'><strong>Eusebio</strong></span> <span class='ocrx_word' id='word_1_216' title='bbox 1248 3683 1310 3723; x_wconf 89' lang='lat' dir='ltr'><strong>non</strong></span> 
     </span>
     <span class='ocr_line' id='line_1_32' title="bbox 227 3749 1308 3833; baseline -0.005 -22"><span class='ocrx_word' id='word_1_217' title='bbox 227 3753 322 3814; x_wconf 89' lang='lat' dir='ltr'><strong>inscio</strong></span> <span class='ocrx_word' id='word_1_218' title='bbox 345 3749 555 3814; x_wconf 87' lang='lat' dir='ltr'><strong>commutatum</strong></span> <span class='ocrx_word' id='word_1_219' title='bbox 585 3773 649 3812; x_wconf 88' lang='lat' dir='ltr'><strong>esse</strong></span> <span class='ocrx_word' id='word_1_220' title='bbox 678 3772 714 3812; x_wconf 83' lang='lat' dir='ltr'><strong>ee</strong></span> <span class='ocrx_word' id='word_1_221' title='bbox 742 3774 774 3813; x_wconf 88' lang='lat' dir='ltr'><strong>re</strong></span> <span class='ocrx_word' id='word_1_222' title='bbox 798 3753 954 3829; x_wconf 88' lang='lat' dir='ltr'><strong>euincitur,</strong></span> <span class='ocrx_word' id='word_1_223' title='bbox 985 3754 1063 3833; x_wconf 92' lang='lat' dir='ltr'><strong>quod</strong></span> <span class='ocrx_word' id='word_1_224' title='bbox 1086 3751 1136 3811; x_wconf 91' lang='lat' dir='ltr'><strong>hio</strong></span> <span class='ocrx_word' id='word_1_225' title='bbox 1156 3769 1210 3828; x_wconf 91' lang='lat' dir='ltr'><strong>pro</strong></span> <span class='ocrx_word' id='word_1_226' title='bbox 1233 3750 1308 3828; x_wconf 82' lang='grc' dir='ltr'><strong><em>γοῦν</em></strong></span> 
     </span>
     <span class='ocr_line' id='line_1_33' title="bbox 227 3836 1309 3920; baseline -0.006 -21"><span class='ocrx_word' id='word_1_227' title='bbox 227 3839 382 3916; x_wconf 80' lang='lat' dir='ltr'><strong>porticula,</strong></span> <span class='ocrx_word' id='word_1_228' title='bbox 412 3859 471 3920; x_wconf 87' lang='lat' dir='ltr'><strong>qua</strong></span> <span class='ocrx_word' id='word_1_229' title='bbox 500 3840 551 3899; x_wconf 87' lang='lat' dir='ltr'><strong>illo</strong></span> <span class='ocrx_word' id='word_1_230' title='bbox 574 3839 740 3914; x_wconf 78' lang='lat' dir='ltr'><strong>catalogum</strong></span> <span class='ocrx_word' id='word_1_231' title='bbox 762 3858 847 3899; x_wconf 87' lang='lat' dir='ltr'><strong>suum</strong></span> <span class='ocrx_word' id='word_1_232' title='bbox 870 3839 1021 3915; x_wconf 84' lang='lat' dir='ltr'><strong>aptissime</strong></span> <span class='ocrx_word' id='word_1_233' title='bbox 1043 3837 1222 3910; x_wconf 78' lang='lat' dir='ltr'><strong>instituerat,</strong></span> <span class='ocrx_word' id='word_1_234' title='bbox 1244 3836 1309 3913; x_wconf 88' lang='lat' dir='ltr'><strong>ipss</strong></span> 
     </span>
     <span class='ocr_line' id='line_1_34' title="bbox 227 3921 1310 4004; baseline -0.004 -20"><span class='ocrx_word' id='word_1_235' title='bbox 227 3925 393 3986; x_wconf 86' lang='lat' dir='ltr'><strong>rectissime</strong></span> <span class='ocrx_word' id='word_1_236' title='bbox 421 3927 578 4004; x_wconf 87' lang='lat' dir='ltr'><strong>supposuit</strong></span> <span class='ocrx_word' id='word_1_237' title='bbox 607 3921 658 3983; x_wconf 76' lang='lat' dir='ltr'><strong>aul</strong></span> <span class='ocrx_word' id='word_1_238' title='bbox 682 3956 722 3969; x_wconf 97' lang='lat'>—</span> <span class='ocrx_word' id='word_1_239' title='bbox 746 3921 788 3999; x_wconf 76' lang='grc' dir='ltr'><strong>δέ,</strong></span> <span class='ocrx_word' id='word_1_240' title='bbox 817 3925 957 4004; x_wconf 90' lang='lat' dir='ltr'><strong>quoniam</strong></span> <span class='ocrx_word' id='word_1_241' title='bbox 986 3925 1116 4001; x_wconf 89' lang='lat' dir='ltr'><strong>primum</strong></span> <span class='ocrx_word' id='word_1_242' title='bbox 1147 3921 1310 3983; x_wconf 76' lang='lat' dir='ltr'><strong>clementis</strong></span> 
     </span>
     <span class='ocr_line' id='line_1_35' title="bbox 227 4003 934 4091; baseline 0.003 -23"><span class='ocrx_word' id='word_1_243' title='bbox 227 4003 290 4091; x_wconf 74' lang='grc' dir='ltr'><strong><em>εὕρ.</em></strong></span> <span class='ocrx_word' id='word_1_244' title='bbox 313 4013 350 4070; x_wconf 92' lang='lat' dir='ltr'><strong>de</strong></span> <span class='ocrx_word' id='word_1_245' title='bbox 371 4012 436 4072; x_wconf 89' lang='lat' dir='ltr'><strong>loco</strong></span> <span class='ocrx_word' id='word_1_246' title='bbox 460 4017 611 4072; x_wconf 88' lang='lat' dir='ltr'><strong>mouerat:</strong></span> <span class='ocrx_word' id='word_1_247' title='bbox 634 4031 663 4087; x_wconf 90' lang='lat' dir='ltr'><strong>p.</strong></span> <span class='ocrx_word' id='word_1_248' title='bbox 688 4015 758 4084; x_wconf 83' lang='lat'><strong>548,</strong></span> <span class='ocrx_word' id='word_1_249' title='bbox 782 4015 820 4068; x_wconf 81' lang='lat'><strong>21</strong></span> <span class='ocrx_word' id='word_1_250' title='bbox 845 4010 934 4070; x_wconf 88' lang='lat' dir='ltr'><strong>Dind.</strong></span> 
     </span>
    </p>
   </div>
   <div class='ocr_carea' id='block_1_8' title="bbox 0 0 1602 4886">
    <p class='ocr_par' dir='ltr' id='par_1_9' title="bbox 0 0 1602 4886">
     <span class='ocr_line' id='line_1_36' title="bbox 0 0 1602 4886; baseline 0 0"><span class='ocrx_word' id='word_1_251' title='bbox 0 0 1602 4886; x_wconf 95' lang='lat' dir='ltr'><strong> </strong></span> 
     </span>
    </p>
   </div>
  </div>
 </body>
</html>
