3190 4882
716 363 929 428 ,38-

282 533 365 599 mico
394 532 468 598 huic
489 531 608 616 populo
631 533 738 599 sedam
761 532 965 616 prospiceret
996 551 1066 598 cum
1088 532 1214 600 Noricis
1235 551 1362 614 compo·

282 635 359 716 suit,
380 634 498 717 quippe
520 635 576 718 qui
597 654 659 702 nou
680 635 783 702 solum
804 637 874 702 soni
885 635 1093 702 similitudine
1107 637 1246 719 quadam
1262 636 1361 701 uomi-

283 738 343 818 nis,
371 738 429 804 sed
457 738 556 804 ctiam
585 737 785 804 metallorum
816 737 983 804 feracitate
1006 737 1089 804 ultro
1111 757 1181 804 sess
1202 738 1360 804 offerrent.

285 841 417 906 Ferrum
440 841 523 906 euim
538 840 687 906 Noricum
711 841 955 908 usitatissimum
976 839 1076 906 luisse
1097 847 1132 906 at
1152 841 1362 924 praestantis-

283 943 398 1009 simum
420 943 625 1010 amtimatum
647 962 720 1010 esse
741 949 903 1009 testantur
925 943 1002 1009 Hor.
1017 945 1145 1009 carml
1167 944 1220 1022 16,
1240 945 1279 1025 9;
1301 944 1360 1008 Oa

283 1051 357 1110 met
389 1046 466 1112 XIV
489 1048 571 1127 711;
600 1047 704 1113 Strab.
727 1047 756 1111 V
786 1049 815 1127 1,
846 1047 885 1129 83
913 1046 993 1113 Pliu.
1023 1066 1053 1114 n.
1077 1046 1108 1112 h.
1131 1046 1267 1113 XXXIV
1290 1043 1361 1112 145.

282 1148 386 1213 Simili
413 1156 521 1216 autem
551 1151 644 1214 modo
666 1149 783 1236 νῶροψ
804 1151 844 1214 de
875 1146 1034 1233 Νώρακος
1062 1151 1181 1233 oppido
1202 1149 1361 1214 Pannoni-

283 1268 373 1316 orum
397 1251 559 1316 deriuauit
580 1252 821 1334 Epaphroditus
841 1270 893 1333 ap.
915 1251 1024 1332 saph.
1047 1270 1073 1317 s.
1095 1246 1182 1337 Νώρ.
1204 1287 1247 1298 -

372 1355 392 1437 5
413 1355 453 1420 31
478 1346 640 1439 ,lApvoog
661 1377 696 1419 τε
719 1349 737 1419 ὁ
760 1349 936 1440 Βεβρύκων
956 1352 1111 1437 βασιλεὺς
1139 1349 1278 1438 ἱμάντας
1300 1377 1361 1418 πο-

285 1454 417 1532 κτικούς
438 1458 571 1539 πρὸπος
593 1445 712 1543 οὗρεν.“
755 1457 844 1522 Idem
876 1458 963 1538 apud
992 1456 1095 1523 Schol.
1118 1456 1201 1522 Plat
1223 1475 1254 1540 p.
1278 1457 1361 1522 942⁶

286 1560 328 1626 14
350 1559 455 1625 Turio.
477 1561 633 1641 Amycum
662 1561 726 1624 iam
756 1560 844 1642 apud
865 1559 1057 1625 uetustiores
1078 1560 1245 1643 pugilandi
1267 1559 1362 1624 laude

282 1661 431 1726 floruisse
452 1662 546 1726 testis
568 1668 619 1727 ast
640 1661 734 1728 Plato
755 1662 816 1742 leg.
831 1661 893 1726 VII
914 1680 946 1744 p.
962 1662 1044 1730 796²
1065 1661 1105 1729 cl.
1120 1661 1269 1743 Apollod.
1285 1660 1360 1728 bibl.

283 1764 300 1828 I
322 1765 352 1843 9,
373 1763 425 1830 20.
468 1763 628 1828 Heurema
649 1771 757 1830 autern
779 1763 909 1830 linxisse
931 1765 1011 1830 mihi
1026 1766 1155 1830 uidetur
1169 1765 1362 1830 hcuremati·

285 1884 341 1932 cus
374 1866 479 1932 nescio
511 1867 583 1948 quis
610 1885 648 1931 ex
679 1867 747 1932 loco
776 1866 913 1949 quodam
931 1858 1193 1950 'Apyovovcmoir
1214 1865 1363 1932 carminis

282 1969 427 2052 alicuius,
450 1969 539 2036 uelut
560 1990 598 2034 ex
621 1969 725 2052 Apoll.
749 1968 809 2034 Rh.
830 1969 864 2034 H
886 1967 927 2035 57
943 1987 1021 2052 sqq„
1043 1970 1098 2035 ubi
1129 1970 1269 2053 Amycus
1291 1985 1362 2033 curu

283 2071 412 2138 Polluce
434 2073 637 2156 pugilaturus
660 2074 756 2138 haec:
790 2070 900 2152 ,δαεὶς
933 2069 971 2137 δέ
1001 2095 1055 2136 κεν
1090 2067 1179 2158 into
1202 2067 1362 2152 ἐνίσποις,

283 2167 385 2240 ὅσσον
408 2171 471 2259 ἐγώ
491 2170 598 2261 ῥινούς
619 2197 654 2239 τε
669 2179 756 2258 βοῶν
778 2171 857 2262 περί
877 2168 910 2259 γ’
927 2171 996 2258 εἰμί
1017 2173 1185 2258 ταμέσθαι
1207 2168 1360 2254 ἀζαλέας,

286 2268 412 2363 ἀνδρῶν
433 2300 468 2342 οε
491 2272 655 2364 παρηίδας
678 2277 793 2362 αἵματι
817 2280 961 2363 φῦροαιίι
983 2277 1037 2360 (cf.
1059 2277 1166 2344 Valet.
1190 2278 1292 2344 Flaec.
1316 2276 1362 2341 IV

282 2379 364 2460 2503
387 2380 488 2460 Orph.
511 2387 586 2461 Arg.
608 2381 696 2463 661).
740 2381 823 2447 Nam
853 2381 880 2446 si
913 2381 946 2445 id
976 2382 1081 2464 ipsum
1113 2373 1235 2462 ape'rtis
1254 2377 1362 2444 rucrbis

284 2481 349 2546 iam
372 2483 404 2546 in
427 2483 654 2548 uetustioribus
672 2475 802 2567 Ἄργον.
825 2483 1017 2548 carminibus
1032 2501 1216 2565 expressum
1237 2480 1362 2560 fuisset,

283 2585 351 2649 sine
373 2584 470 2650 dubio
493 2604 533 2650 ue
555 2585 739 2668 Apollonius
761 2588 890 2669 quidem
911 2586 1106 2652 occasionem
1128 2583 1362 2668 praetermisIs-

283 2695 335 2753 set
356 2687 512 2770 Amycum
534 2688 687 2754 laudandi
710 2687 918 2754 inuentorem.
962 2687 1072 2770 Neque
1094 2689 1177 2753 euim
1193 2687 1362 2752 herrema-

222 2807 226 2815 ·
284 2792 342 2857 tici
363 2829 405 2840 -
427 2802 464 2857 ut
485 2809 597 2856 rursus
617 2793 659 2859 ad
682 2791 837 2857 rollonem
861 2809 970 2855 eorum
992 2791 1234 2856 describendam
1257 2788 1362 2871 digre-

173 2961 179 2970 ,
284 2893 357 2958 diar
378 2932 420 2941 -
442 2893 509 2960 sola
531 2895 663 2961 iuuenta
685 2895 755 2975 ipsa
785 2913 803 2958 e
831 2892 922 2959 libris
952 2894 1164 2958 uetustiorum
1196 2898 1362 2956 auctorum

284 3001 508 3078 excerpserunt
524 2996 576 3079 (ol.
588 3015 684 3079 supra
700 3015 730 3078 p.
748 2997 789 3062 13
802 2997 875 3078 sp),
891 2994 1070 3076 sedetiam,
1086 2995 1176 3060 cuius
1191 2994 1236 3058 rei
1252 2995 1362 3059 inuen-

284 3103 386 3161 torem
419 3117 479 3162 non
512 3108 719 3183 reppererant
754 3099 927 3179 traditum,
959 3116 1018 3181 per
1050 3097 1177 3163 litteras
1208 3098 1363 3178 Indagare

286 3199 468 3280 studebant,
491 3202 545 3267 ubi
568 3204 704 3284 primum
727 3210 902 3268 memorata
923 3208 1026 3282 esset3
1057 3205 1090 3265 et
1113 3193 1208 3282 qu'em
1231 3199 1283 3264 uel
1305 3217 1362 3281 po·

285 3301 395 3384 pulum
418 3303 470 3368 uel
492 3304 650 3371 hominem
680 3306 934 3387 antiquissimum
965 3305 1060 3369 istam
1088 3321 1156 3368 rem
1178 3302 1362 3368 adhibuisse

285 3406 355 3473 siue
377 3405 555 3472 exercuisse
577 3407 638 3472 sibi
664 3415 900 3489 persuaserant,
930 3425 1000 3471 eum
1024 3413 1143 3471 temere
1165 3406 1362 3470 inuentorem

285 3511 453 3577 uenditare
475 3509 629 3576 solebant.
673 3509 743 3575 Hac
764 3511 888 3575 ratione
916 3527 951 3574 se
973 3509 1174 3592 quaestiones
1195 3508 1362 3573 heurcma·

285 3617 366 3681 ticas
389 3613 567 3680 instituisse
588 3613 658 3693 ipso
687 3612 816 3678 disertis
846 3612 954 3679 uerbis
982 3609 1151 3676 confitetur
1173 3609 1254 3675 Pliu.
1277 3628 1308 3675 u.
1330 3607 1362 3674 h.

283 3719 418 3786 XXXVI
431 3718 490 3798 47,
512 3722 610 3799 atque
633 3717 693 3783 hac
717 3716 844 3798 quidem
869 3715 922 3780 uia
942 3708 1081 3800 ripense
1105 3712 1240 3795 gloriam
1255 3711 1363 3776 nancti

285 3832 361 3890 sunt
373 3821 550 3890 Nausicaa:
567 3818 684 3885 Athen.
698 3818 715 3882 I
730 3838 761 3900 p.
778 3816 854 3896 14⁶3
877 3813 1363 3883 TheseuszPliu.u.h.V11202

284 3925 324 3992 el.
347 3926 430 3994 Plut.
453 3924 545 3992 Thes.
567 3923 620 4002 29,
642 3922 680 4003 93
703 3923 959 4002 Argonautarum
982 3919 1123 3985 nonnulli
1145 3917 1272 3998 aliique
1294 3916 1364 3981 Ita·
