3190 4882
649 373 861 442 ,21-

220 545 507 614 heurematioorum
530 546 621 613 libris
651 552 800 629 excerpta
835 554 868 613 et
889 549 1031 614 conlecta
1053 548 1296 627 continerentur,

220 657 395 715 ceterorum
426 658 531 714 autem
555 643 709 730 quattuor
730 651 967 733 scriptorum1)
991 652 1117 716 nomina
1138 687 1180 696 —
1215 669 1296 731 quac

222 753 325 817 medio
348 755 378 817 in
403 751 506 818 iudice
527 754 633 833 posita
662 761 736 818 sunt
765 789 806 800 -
839 755 870 818 in
902 753 1184 820 heurematicorum
1208 752 1297 817 libris

221 856 352 920 laudata
374 855 487 937 fuisse3
519 875 590 920 eum
620 857 735 938 igitur,
766 858 820 939 qui
849 858 1020 938 epitomam
1051 857 1139 922 illam
1171 873 1295 921 consar-

221 958 349 1039 cinauit,
372 967 517 1024 auctores
539 977 610 1024 curn
642 978 705 1040 eos,
735 978 773 1024 ex
801 959 916 1043 quibus
946 961 1015 1042 ipse
1037 960 1205 1038 hausisset,
1228 965 1295 1022 tum

220 1079 299 1142 quos
322 1063 352 1125 in
370 1060 511 1128 fontibus
526 1067 626 1128 testes
641 1062 783 1145 prolatos
798 1063 1002 1146 repperisset,
1024 1063 1054 1127 iu
1077 1061 1139 1128 fine
1154 1060 1296 1144 opusculi

221 1163 415 1245 apposuisse.
460 1165 528 1230 Hoc
559 1170 666 1229 autem
697 1165 904 1231 enchiridium
928 1184 1018 1230 nemo
1040 1164 1199 1230 dubitabit
1220 1163 1296 1243 quin

221 1267 304 1331 idem
326 1265 423 1333 fuerit
445 1273 540 1348 atque
563 1267 651 1347 illud,
674 1287 712 1333 ex
733 1287 795 1349 quo
811 1267 955 1334 Clemens
976 1269 1157 1333 inuentores
1179 1267 1220 1331 ad
1243 1265 1295 1330 lit·

221 1375 361 1433 terarum
389 1371 531 1436 ordinem
555 1371 725 1452 dispositos
757 1371 927 1449 delibauit3
959 1371 993 1436 id
1025 1371 1108 1453 quod
1139 1368 1295 1434 indoleA

222 1473 396 1553 corpusculi
429 1473 479 1538 uel
512 1473 709 1555 probabilius
739 1471 785 1538 fit.
840 1471 922 1537 Nam
961 1490 1031 1537 curn
1064 1471 1127 1537 illis
1157 1470 1296 1553 catalogi

219 1575 396 1656 particulis,
418 1594 500 1656 quae
523 1575 637 1641 seriem
659 1577 839 1642 litterarum
862 1576 1003 1655 turbant,
1035 1583 1100 1640 tres
1122 1575 1295 1639 laudentur

221 1676 362 1742 historici
386 1678 542 1760 Ephorus,
566 1679 747 1744 Herodotus
771 1679 802 1762 (ξ
827 1680 891 1760 13),
914 1678 1098 1744 Hellanicus
1120 1675 1153 1761 (§
1174 1676 1241 1757 49),
1263 1675 1295 1738 in

219 1779 421 1860 alphabetico
444 1782 589 1864 catalogo
611 1790 739 1864 praeter
754 1782 928 1872 Hesiodum
951 1788 1078 1864 poetam
1100 1781 1134 1863 (ξ
1155 1780 1210 1862 17)
1225 1779 1295 1843 nul-

219 1883 285 1946 lum
307 1883 471 1964 scriptoris
493 1903 603 1950 nomen
626 1885 792 1950 excitatur.

219 2031 221 2036 ·
305 1984 524 2052 Coniecturam
563 1994 670 2053 autem
708 1993 848 2054 nostram
882 1987 1035 2067 reliquiae
1065 1992 1136 2050 octo
1168 1983 1294 2048 illorum

219 2089 409 2170 scriptorum
425 2090 503 2155 satis
518 2087 714 2155 confirmant.
745 2090 886 2155 Primum
903 2091 985 2154 euim
1001 2107 1103 2171 pauca
1118 2085 1294 2169 deprehen·

223 2191 341 2257 duntur
364 2193 446 2256 inter
468 2192 647 2274 fragmenta
664 2193 826 2260 Scamonis
841 2194 945 2275 primo
959 2190 1092 2258 indiculi
1105 2191 1173 2256 loco
1188 2188 1294 2270 positi,

219 2313 301 2376 quac
322 2296 585 2362 abhorreant
606 2297 646 2360 ab
669 2297 715 2362 cis
737 2296 947 2374 heurematiS,
970 2295 1105 2377 quaein
1128 2295 1157 2358 A
1181 2311 1295 2373 corpu·

218 2397 339 2462 sculum
362 2398 520 2465 inculcata
542 2405 624 2464 sunt.
659 2398 737 2465 Cum
761 2399 907 2465 Clemens
929 2400 1004 2481 §13
1027 2398 1189 2464 Herodoto
1212 2400 1294 2461 teste

194 2549 200 2559 .
217 2501 372 2579 producto
387 2501 512 2566 htteras
530 2503 570 2568 de
586 2501 705 2568 Cadmo
719 2500 874 2567 Phoenice
890 2520 1001 2566 nomen
1017 2501 1152 2566 traxisse
1167 2498 1294 2576 referat,

218 2600 331 2667 Soamo
353 2603 423 2685 ipse
443 2601 494 2681 (fr.
516 2605 536 2668 2
558 2604 664 2680 Muell.
686 2602 762 2668 fr.4
784 2603 909 2688 Eichh.)
932 2621 1043 2668 nomen
1066 2605 1106 2668 de
1127 2601 1293 2679 Phoenice,

220 2706 387 2771 Actaeonis
416 2705 499 2788 filia,
530 2707 697 2773 deriuauit.
743 2710 786 2770 At
808 2713 947 2788 opponat
968 2705 1125 2789 quispiam
1150 2703 1292 2770 Clemen-

217 2814 281 2873 tem
312 2809 394 2874 hanc
417 2809 669 2891 explicationem,
699 2811 847 2893 quoniam
878 2809 1041 2882 Phoenice,
1057 2807 1197 2884 Graeca,
1231 2825 1292 2870 non

220 2911 357 2976 barbara
378 2910 486 2993 fuerit,
508 2915 695 2994 prudentem
712 2913 932 2994 praeteriisse;
948 2929 1018 2975 eum
1035 2909 1147 2990 ablego
1162 2910 1204 2974 ad
1220 2908 1293 2973 Sca-

219 3015 320 3080 monis
342 3013 379 3079 fr.
395 3017 416 3080 4
431 3016 539 3081 Muell.
555 3015 631 3082 fni
655 3015 781 3083 Eichh:
806 3015 917 3079 Scamo
940 3013 1121 3078 sambucam
1145 3011 1293 3094 Sambyci

218 3117 353 3198 cuidam,
375 3119 430 3201 qui
452 3120 562 3200 procul
584 3120 681 3184 dubio
697 3119 851 3184 barbarus
867 3116 1095 3182 existimandus
1116 3122 1175 3194 est,
1198 3115 1292 3180 attri-

219 3219 298 3297 buit,
320 3228 431 3292 contra
454 3221 597 3286 Clemens
620 3222 695 3304 §33
710 3222 799 3284 -in
821 3219 955 3286 embolio
978 3220 1062 3300 quod
1082 3221 1124 3284 ad
1139 3219 1291 3284 musicam

218 3329 398 3403 spectat-
420 3323 632 3407 Troglodytis.
656 3325 717 3390 Sed
741 3324 817 3389 haec
839 3323 969 3388 leuioris
991 3329 1067 3387 sunt
1089 3320 1248 3386 momenti.

308 3515 337 3592 1)
360 3515 518 3574 Clementis
540 3518 640 3576 uerbis
661 3513 712 3590 „dv
734 3519 796 3584 τοῖς
817 3511 884 3588 περὶ
907 3505 1080 3593 εὑρημάτων
1102 3515 1194 3571 ταῦτα
1215 3503 1292 3569 ἱστό-

219 3605 331 3677 ρησαν“
354 3601 513 3676 significari
536 3603 654 3662 uidetur
675 3621 915 3680 unumquemque
931 3607 1050 3660 exacto
1066 3600 1126 3658 illia
1141 3597 1291 3674 scriptori·

219 3689 274 3746 bus
296 3679 397 3746 libros¹
410 3708 441 3746 π.
458 3679 519 3764 εὕρ.
542 3688 678 3760 edidisse,
701 3696 809 3759 tamen,
833 3707 898 3746 cum
920 3687 979 3746 alia
993 3685 1163 3746 testimonia
1186 3683 1291 3754 desint,

219 3773 266 3832 his
289 3773 489 3848 compilatoris
512 3774 611 3832 uerbis
641 3774 716 3832 nihil
738 3774 927 3832 tribuendum
951 3778 1003 3832 est.
1047 3772 1155 3848 Itaque
1177 3769 1291 3828 Aristo-

218 3859 316 3934 telem,
340 3861 549 3934 Antiphanam,
573 3860 746 3936 Cydippum,
771 3857 989 3917 Aristodemum
1012 3878 1028 3914 e
1049 3876 1172 3914 recensu
1187 3856 1291 3913 heure-

219 3948 477 4023 matographorum
499 3945 646 4020 relegatos
668 3946 766 4018 uelim,
790 3965 877 4024 quem
892 3943 1106 4004 Brusshernius
1129 3940 1291 4000 constituit.
