3190 4882
671 366 884 431 ..43-

228 534 375 600 Graecos
390 535 599 615 Roruanosue,
621 553 755 618 quornm
777 519 852 602 libri
867 539 1007 603 aetatem
1022 535 1175 616 tulerunt,
1196 535 1314 602 mentio

228 635 302 717 fiat
324 655 427 720 neque
449 636 514 704 nlla
536 638 612 704 duta
634 646 685 704 est
706 655 785 705 ansa
799 639 927 704 nomina
940 639 1114 722 indagandi
1136 644 1312 722 auctorum,

233 757 313 822 quos
328 739 474 814 Glemona
496 739 564 822 ipse
586 741 790 808 consuluerit.
834 741 915 807 Tota
934 760 1012 808 uero
1033 741 1171 826 catalogi
1192 741 1315 807 indoles

228 841 303 909 :sine
324 842 421 909 dubio
442 843 575 926 perinde
597 861 635 910 ao
656 843 802 911 Tatianei
823 844 963 927 catalogi
991 845 1099 911 studia
1122 843 1314 910 henrernati-

231 962 342 1011 eorum
364 944 459 1027 sapit
503 945 566 1011 Sed
587 947 774 1028 pergamusl
881 953 883 958 '
1115 949 1116 956 ’

673 1239 876 1247 ———

612 1479 735 1573 capnt
767 1480 937 1552 tortium.

299 1663 458 1729 .Tatiano
496 1664 580 1729 enim
613 1670 646 1730 et
677 1663 833 1730 Clementi
865 1664 980 1731 tertius
1009 1663 1230 1745 adiungendus
1266 1668 1316 1730 ast

233 1766 471 1848 Gregorius
492 1765 804 1844 Nazianzenus,
835 1767 891 1848 qui
920 1764 1064 1830 oratione
1096 1766 1128 1830 in
1156 1766 1314 1833 Iulianum

228 1869 396 1934 inuectiua
416 1869 522 1950 priore
538 1867 737 1950 hpostatam,
758 1869 842 1951 quod
858 1868 1056 1935 Christianos
1077 1868 1316 1934 humanioribus

234 1971 353 2038 litteris
382 1971 512 2036 studere
540 1971 706 2051 uetuisset,
734 1970 922 2052 grauissime
949 1969 1117 2052 increpans
1147 1989 1218 2036 enm
1250 1969 1316 2036 alia

231 2080 304 2139 turn
328 2072 412 2138 haee
428 2071 496 2138 fere
518 2072 693 2155 eloquitur:
720 2066 846 2139 ‘ornnes
869 2091 1002 2138 resnou
1025 2072 1152 2138 illorum
1173 2077 1316 2138 tanturn·

232 2176 330 2242 ruodo
352 2180 436 2255 sunt,
465 2174 521 2258 qni
550 2193 605 2241 eas
634 2175 833 2255 inuenerunt,
868 2175 924 2242 sed
948 2175 1098 2258 omniurn,
1126 2175 1316 2257 quicumque

232 2298 344 2344 »earnm
367 2284 443 2343 sunt
457 2278 651 2360 participes;
673 2284 771 2359 atque
793 2277 927 2342 aliorum
950 2279 1081 2344 inuenta
1102 2278 1134 2344 in
1150 2277 1315 2361 proprium

235 2399 329 2448 usum
352 2387 536 2446 conuertere
559 2380 728 2462 unicuique
749 2371 841 2446 licet?
885 2380 1009 2445 Deinde
1039 2399 1099 2447 non
1123 2399 1243 2463 paucas
1265 2397 1317 2448 res

233 2487 374 2563 enarrat,
397 2482 513 2565 quibus
528 2482 670 2548 lulianus
692 2485 727 2546 et
740 2482 884 2560 Romani,
905 2483 1054 2563 quamuis
1068 2501 1123 2548 eas
1137 2483 1316 2567 peregrinis

232 2587 288 2653 uel
310 2585 437 2668 populis
460 2585 510 2650 nel
531 2584 712 2651 homiuibus
736 2585 899 2667 deberent,
921 2585 1040 2651 cotidie
1062 2586 1108 2651 uti
1131 2585 1316 2652 oonsuenis·

236 2693 315 2757 sent.
363 2692 510 2770 Apparet
531 2687 631 2770 igitur
653 2687 800 2769 Gregorii
829 2687 992 2753 eonsilium
1015 2687 1179 2770 paululum
1202 2687 1316 2752 abhor-

235 2813 305 2862 rere
334 2814 355 2859 a
383 2799 560 2859 ceterorum
591 2788 844 2856 christianorum
877 2791 995 2872 studio,
1023 2797 1120 2873 atque
1153 2788 1317 2870 Gregorio

230 2899 354 2983 *quippe
368 2895 424 2976 qui
446 2893 652 2958 Romanos
675 2893 888 2974 impugnaret,
910 2891 1048 2957 Graecos
1064 2909 1188 2974 quoque
1205 2891 1316 2957 inuen-

235 3007 322 3066 tores
342 2997 506 3064 nominare
528 2995 667 3075 licuisse,
689 3010 760 3059 curn
783 2993 936 3059 Tatianns
966 3000 999 3059 et
1020 2992 1166 3059 clemens
1189 2993 1317 3060 Grae·

231 3119 374 3169 oorurn
398 3097 587 3181 sapientiam
609 3096 779 3162 irridentes
800 3097 930 3161 inuenta
957 3113 1019 3161 non
1042 3096 1234 3178 protulerint
1256 3096 1318 3162 nisi

236 3203 452 3271 barbarorum.

321 3305 546 3371 Narrationern
578 3310 686 3370 autem
712 3301 875 3384 Gregorii,
897 3318 960 3384 qno
989 3299 1115 3368 facilins
1143 3302 1317 3383 perspicia·

234 3427 317 3490 mus,
338 3406 534 3474 ornamentis
557 3404 723 3472 rhetoricis
745 3404 885 3470 detersis
899 3403 930 3469 in
952 3402 1087 3470 formam
1107 3403 1245 3484 catalogi
1267 3421 1317 3468 re·

234 3515 364 3582 dwtam
387 3508 552 3575 exhibebo.
731 3575 737 3588 ,

322 3613 454 3695 Gregor.
485 3609 564 3677 Nau.
595 3628 642 3676 or.
670 3609 717 3676 IV
748 3609 927 3690 107-109,
956 3611 1006 3676 ed.
1039 3605 1136 3691 hlign.
1158 3607 1220 3673 nol.
1248 3608 1318 3690 lp.

233 3718 300 3784 641
316 3734 384 3799 sqq.

325 3822 342 3887 l
366 3817 408 3884 nd
429 3813 606 3905 γράμματα
629 3817 820 3884 inuenerunt
834 3816 1008 3884 Phoenices
1022 3817 1081 3881 aut
1096 3810 1246 3896 Aegyptii
1261 3815 1318 3878 aut

237 3923 389 3991 Hebraei.
427 3921 447 3986 2
469 3917 507 3985 τὸ
531 3913 708 4000 πεττεύειν,
730 3917 811 3985 tud
833 3911 1001 4003 ἀριθμεῖν,
1025 3918 1047 3982 4
1068 3911 1106 3980 τὸ
1122 3909 1318 3998 λογίζεσθαι
