3184 4886
656 415 869 480 -93...

224 586 383 668 ruptelam
406 587 565 669 quandam
597 585 749 666 praebent
779 588 922 664 eandem,
952 586 979 650 si
1007 585 1135 668 quidem
1158 603 1241 668 quae
1262 585 1302 649 ad

226 689 349 772 Hyg.§
375 689 563 771 13pr0tu1t
586 696 672 754 recte
694 690 860 771 disputata
882 696 967 754 sunt.
1069 681 1071 690 ’

311 792 355 856 At
388 791 475 856 dicat
505 791 662 874 quispiam
686 800 811 856 exstare
845 791 959 872 locum,
991 807 1053 871 quo
1085 789 1304 857 Cassiodorius

226 893 428 977 Hygiuianae
458 893 632 960 narrationi
665 902 828 976 repugnet.
873 891 1187 959 Var.11131-euim
1218 894 1305 957 aeris

226 997 373 1062 inuentor
395 997 575 1062 nominatur
590 997 701 1079 10n1)‚
723 996 909 1062 Thessaliae
931 1015 997 1078 ren,
1020 995 1103 1079 Hyg.
1120 995 1172 1078 §7
1197 1003 1303 1060 autem

227 1100 367 1165 eiusdem
391 1098 511 1164 inuenti
534 1100 640 1180 palma
663 1098 783 1165 Cadmo
805 1098 956 1164 defertur.
1000 1097 1069 1176 Quo
1098 1117 1136 1164 ex
1158 1099 1305 1164 dissensu

229 1202 410 1268 Knaackius
432 1204 603 1268 seeundum
627 1221 716 1267 suam
740 1202 929 1267 seutentiam
943 1203 975 1285 ²)
1000 1203 1213 1286 Hygiuianum
1236 1208 1305 1267 tex·

228 1312 294 1369 tum
316 1313 500 1386 corruptum
523 1324 592 1371 esse
616 1315 704 1370 ratus
725 1304 920 1370 heurematis
942 1304 1091 1370 honorem
1108 1305 1228 1372 Cadmo
1249 1305 1305 1369 de·

228 1415 364 1473 tractum
399 1409 440 1470 ad
475 1407 581 1473 Ionem
615 1408 747 1488 detulit,
784 1407 931 1488 quamuis
966 1409 1156 1474 testimoniis
1187 1415 1304 1488 egeret.

228 1511 294 1591 Ego
323 1509 450 1591 quidem
484 1510 630 1590 quoniam
661 1509 872 1592 Hygiuiauam
898 1510 1109 1575 narrationem
1134 1530 1193 1576 non
1217 1511 1306 1593 inep-

229 1621 294 1677 tam
316 1612 448 1678 saisisse
470 1611 546 1676 mihi
569 1612 688 1690 uideor,
719 1613 751 1678 iu
773 1611 861 1676 toute
882 1613 1037 1677 communi
1062 1647 1101 1659 -—
1132 1614 1214 1678 sicut
1235 1632 1305 1679 esse

227 1716 349 1781 solebat
370 1715 401 1779 iu
424 1714 514 1780 libris
535 1714 760 1781 heurematicis
784 1753 824 1761 —
847 1723 1015 1797 utramque
1039 1716 1221 1781 memoriam
1237 1724 1304 1782 tra·

228 1819 327 1882 ditem
351 1815 448 1883 fuisse
470 1818 622 1900 suspicor,
653 1836 787 1899 quarum
818 1835 876 1882 suo
904 1817 1037 1883 arbitrio
1067 1817 1149 1884 alter
1172 1819 1304 1884 alteram

227 1920 370 2000 elegerit.

314 2023 398 2104 Ergo
429 2042 511 2105 quae
539 2022 758 2090 Cassiodorius
798 2024 972 2090 Varioram
1005 2022 1094 2091 libris
1125 2023 1306 2103 immiscuit,

229 2125 357 2191 inuenta
380 2127 421 2189 ad
444 2126 623 2208 catalogum
640 2126 853 2209 Hygiuiauum
876 2128 995 2192 addere
1018 2126 1107 2191 nobis
1130 2125 1213 2204 licet,
1235 2126 1306 2207 qui-

228 2229 288 2293 bus
310 2229 485 2294 coniunctis
513 2231 644 2311 propius
674 2229 715 2294 ad
746 2247 941 2294 communem
976 2229 1138 2311 utriusque
1166 2228 1307 2294 auctoris

228 2331 346 2396 iontem
378 2331 575 2395 accedamus
618 2331 732 2413 ltaque
762 2349 887 2409 eorum,
918 2349 999 2420 quae
1027 2332 1080 2397 ille
1110 2331 1306 2413 suppeditat,

317 2522 347 2600 l)
380 2522 461 2582 Corn.
495 2522 742 2584 Wilamowitziua
774 2541 828 2598 pro
861 2523 1006 2596 „Ionos“‚
1039 2525 1077 2582 of.
1111 2524 1244 2583 Kuaaok.
1278 2544 1307 2601 p.

233 2613 293 2668 588
318 2629 347 2667 n.
376 2613 399 2667 l.

316 2692 347 2770 2)
371 2693 504 2753 Conieeit
526 2693 604 2750 enim
627 2691 675 2751 uir
697 2694 800 2752 doetus
822 2693 1039 2752 Cassiodorium
1064 2694 1234 2754 heuremata
1255 2714 1308 2753 sua

231 2781 294 2857 ipso
318 2800 357 2837 ex
379 2779 551 2856 Hygiuiauo
574 2777 707 2852 catalogo
731 2780 957 2856 deprompsisse,
988 2780 1037 2858 qui
1062 2789 1226 2855 temporum
1251 2781 1307 2838 ini-

231 2866 344 2945 quitate
367 2866 528 2923 miserrime
550 2864 685 2923 foedatus
707 2884 786 2923 nunc
808 2865 926 2944 quidem
952 2865 1044 2924 uastis
1068 2864 1166 2924 hiarat
1187 2867 1310 2924 lacunis.

231 2951 325 3014 Quam
349 2951 384 3008 ad
408 2950 579 3026 opinionem
601 2949 720 3008 casola
742 2969 829 3009 causa
851 2951 989 3008 inductus
1011 2957 1064 3024 est,
1088 2953 1165 3030 quod
1182 2958 1213 3010 et
1229 2951 1308 3029 Hyg.

231 3034 247 3115 5
270 3042 288 3093 9
312 3042 343 3094 et
364 3037 442 3096 Casa.
466 3055 527 3094 uar.
550 3035 593 3094 IV
618 3039 657 3094 34
681 3036 748 3094 ludi
771 3055 879 3094 nomen
902 3041 1071 3114 corruptum
1094 3055 1158 3096 ease
1181 3039 1307 3113 putauit.

232 3127 272 3180 At
300 3123 375 3181 falco
408 3121 607 3182 insimulatam
641 3140 704 3180 osae
737 3122 918 3193 memoriam,
952 3140 1039 3200 quem
1074 3122 1154 3200 Hyg.
1177 3130 1208 3183 et
1229 3125 1308 3182 Cass.

232 3209 359 3280 madunt,
382 3227 472 3284 supra
493 3228 521 3284 p.
547 3211 586 3266 69
602 3226 646 3285 sq.
668 3208 793 3283 probare
816 3214 937 3267 conatus
959 3227 1033 3280 aum,
1056 3216 1209 3283 praeterea
1231 3229 1308 3268 com·

233 3295 329 3351 munis
359 3295 526 3369 corruptela
556 3293 698 3372 quaedam
730 3292 818 3352 etiam
848 3293 890 3352 ita
920 3293 1063 3369 explicari
1093 3301 1199 3370 potest,
1229 3305 1263 3353 ut
1292 3313 1309 3353 a

232 3380 379 3438 communi
403 3379 485 3438 fonte
511 3381 671 3438 deducatur
694 3377 868 3456 (sicutipse
890 3379 946 3438 feci
970 3381 1001 3436 iu
1024 3379 1103 3457 Hyg.
1128 3378 1144 3458 ς
1171 3385 1208 3440 13
1233 3389 1309 3440 trac·

234 3465 317 3542 tata),
342 3484 409 3523 nam
440 3470 573 3523 ueterum
596 3465 654 3522 iam
676 3461 768 3522 libros
795 3465 909 3523 mendis
931 3464 1117 3524 librariorum
1140 3467 1312 3545 inquinatos

233 3551 324 3610 fuisse
347 3570 434 3609 nemo
458 3550 560 3609 nascit.
604 3550 662 3609 Illo
685 3557 782 3610 autom
799 3556 973 3626 argumento
988 3560 1101 3610 remoto
1118 3550 1194 3609 nihil
1210 3561 1310 3624 restat,

233 3636 292 3696 nisi
307 3636 386 3715 quod
397 3635 598 3696 Cassiodorius
613 3655 720 3694 nouem
735 3636 860 3695 iuuenta
874 3643 1090 3707 commemorat,
1108 3655 1184 3716 quae
1199 3637 1310 3696 eisdem

232 3724 296 3782 iere
318 3722 418 3781 uerbis
447 3721 479 3780 iu
506 3721 586 3798 Hyg.
611 3722 742 3796 catalogo
774 3731 940 3782 narrautur.
984 3721 1094 3780 'lamen
1125 3742 1184 3780 nou
1215 3722 1309 3780 solum

233 3810 264 3866 iu
288 3808 412 3883 singulis
435 3807 609 3887 quibusdam
632 3807 706 3884 (aar.
733 3807 781 3866 ΙΙΙ
806 3812 842 3866 51
868 3809 905 3866 of.
921 3807 1001 3884 Hyg.
1025 3804 1041 3884 ξ
1070 3811 1122 3876 10;
1145 3826 1207 3866 uar.
1231 3809 1246 3865 Ι
1270 3812 1309 3866 30

234 3894 409 3975 [clampre
423 3913 452 3968 p.
465 3891 521 3972 91]
535 3893 573 3952 cf.
584 3889 691 3969 Hyg.§
706 3892 760 3969 80)
774 3893 826 3951 illo
840 3893 908 3969 plue
923 3893 1047 3952 exhibet
1062 3911 1148 3971 quam
1163 3893 1309 3970 Hyginus,

235 3982 285 4042 sed
308 3981 390 4038 addit
412 3979 501 4039 etiam
523 3978 664 4038 tredecim
687 3979 819 4052 inuenta,
842 3997 918 4060 quae
940 3979 1018 4054 apud
1042 3978 1121 4058 Hyg.
1145 3979 1260 4044 desunt.
