3190 4882
679 409 893 477 -11..

245 583 327 648 Plat.
350 582 486 648 Phnedm
509 582 654 664 62746
678 582 770 647 Diod.
793 583 809 645 Ι
833 582 884 661 69,
905 581 942 675 5;
969 579 1070 644 Procl.
1093 579 1124 644 in
1147 579 1270 644 Euclid.
1294 598 1323 660 p.

246 686 289 749 64
303 705 350 767 66.
373 684 508 764 11616616
531 684 571 750 al.
595 719 638 731 -

331 805 349 886 6
372 807 402 870 8.
426 801 569 869 Sufficiat
592 823 609 867 e
632 802 713 868 nube
736 803 867 868 testium
889 801 1031 884 proferre
1053 799 1324 868 uetustissimum:

244 907 362 972 Herod.
385 907 414 971 V
436 907 496 984 583
518 906 635 972 addam
659 905 761 972 Schol.
785 905 877 971 Hom.
901 907 929 966 θ
954 904 1024 983 163,
1048 903 1103 969 ubi
1124 903 1206 968 ratio
1228 920 1325 985 quae·

248 1010 323 1074 dam
345 1009 467 1073 inuenti
489 1009 633 1090 exposita
656 1012 713 1073 est.
736 1043 777 1054 -

331 1127 402 1208 69.
434 1127 484 1191 10.
522 1125 624 1192 Simili
656 1127 749 1192 modo
782 1126 860 1192 haec
893 1128 956 1192 dno
988 1125 1108 1207 Orphei
1139 1126 1325 1190 heurcmata

248 1230 416 1296 coniuncta
446 1230 597 1308 leguntur
626 1249 676 1309 ap.
700 1230 908 1310 Damagetam
938 1230 970 1293 in
992 1229 1091 1294 Anth.
1122 1227 1189 1294 Pal.
1211 1227 1274 1291 VII
1295 1227 1325 1306 9,

244 1331 322 1413 566.
339 1338 371 1397 61
386 1352 437 1414 66.
453 1332 548 1398 Ρ666.
564 1332 610 1397 IX
625 1332 676 1412 30,
692 1333 721 1398 3.
749 1330 795 1398 cf.
811 1331 946 1397 Loheck.
961 1331 1119 1416 Aplooph.
1136 1350 1167 1412 p.
1183 1329 1245 1394 233
1257 1346 1325 1410 666.

246 1435 309 1500 942
324 1453 370 1515 sq.
394 1471 435 1481 —

330 1558 349 1638 6
373 1557 423 1620 11.
460 1554 588 1620 'lationi
611 1556 710 1621 uerba
733 1557 773 1620 66
797 1560 900 1621 artem
922 1554 1072 1636 fingendi,
1094 1554 1216 1621 1666
1239 1539 1326 1619 artes

246 1658 424 1741 figulorum,
460 1656 667 1738 sculptorum,
704 1657 932 1723 statuariorum
963 1658 1123 1739 pertinere
1155 1655 1327 1722 Clementis

246 1760 314 1827 loco
345 1759 440 1826 simili
471 1760 554 1842 621
587 1760 832 1826 demonstratur.
877 1760 1071 1826 Testimonia
1102 1763 1208 1824 autem
1239 1758 1326 1839 apud

249 1859 388 1930 Graecos
411 1860 582 1944 scriptores
604 1859 723 1926 frustra
746 1863 899 1944 quaesiui
944 1863 1136 1928 Graecorum
1166 1861 1251 1927 enim
1272 1858 1327 1925 6111

245 1965 305 2030 hoc
319 1958 384 2048 εὕρ.
407 1964 624 2029 attribuerunt
645 1964 715 2028 Ioui
737 1965 814 2046 ipsi:
838 1964 977 2030 Cramer.
1002 1965 1060 2028 An.
1076 1964 1133 2027 Ox.
1150 1959 1237 2044 va.
1253 1962 1324 2039 239,

246 2070 297 2145 24,
328 2067 382 2132 6111
413 2066 619 2130 Prometheo:
650 2066 729 2131 Isid.
760 2067 837 2148 orig.
860 2067 939 2132 VIII
964 2068 1013 2146 11,
1036 2067 1066 2146 8,
1089 2065 1127 2130 61.
1150 2064 1324 2131 Philemon.

244 2189 296 2253 ap.
320 2170 405 2235 Stob.
435 2168 501 2234 flor.
525 2169 559 2232 H
582 2169 632 2233 27.
677 2169 760 2248 Quin
791 2169 913 2235 Plinius
944 2191 973 2234 n.
996 2170 1027 2234 h.
1050 2169 1168 2234 XXXV
1191 2165 1326 2246 151sq.‚

244 2291 306 2354 666
339 2272 407 2336 1666
439 2271 578 2337 Graecos
618 2281 765 2337 auctores
798 2279 924 2337 6666166
962 2272 1089 2337 166666
1123 2271 1327 2335 16666166

244 2374 394 2456 plastices
416 2373 468 2439 uel
492 2373 643 2440 Corintho
671 2374 722 2438 uel
755 2374 849 2439 Samo
879 2375 1019 2441 adscribi
1049 2371 1327 2454 6666166666-

245 2477 333 2542 slmis
355 2475 461 2542 uerbis
491 2475 581 2540 effert
610 2477 785 2541 recentiore
817 2479 943 2541 demum
966 2483 1108 2559 tempore
1131 2495 1170 2543 ex
1192 2473 1327 2538 Graecia

243 2580 433 2644 translatam
468 2596 535 2643 esse
569 2579 650 2644 banc
683 2583 786 2644 artem
817 2581 849 2645 in
882 2579 1019 2644 Italiam.
1070 2578 1217 2644 Tuscis
1250 2594 1326 2640 uero

245 2681 393 2747 honorem
415 2674 589 2765 66166666.
605 2699 624 2744 6
641 2681 763 2746 Graeco
787 2681 850 2746 ullo
866 2683 1021 2764 scriptore
1037 2700 1105 2746 esse
1121 2680 1324 2762 adsignatum

246 2783 372 2848 omnino
408 2801 429 2847 6
464 2782 693 2864 probabilitate
726 2783 885 2849 abhorret.
938 2785 1039 2848 Immo
1072 2787 1114 2850 66
1148 2784 1324 2847 Romanum

243 2885 382 2969 aliquem
411 2889 573 2952 auctorem
604 2886 683 2951 haec
712 2887 863 2951 memoria
893 2886 1057 2951 referenda
1087 2895 1145 2953 est.
1190 2884 1324 2948 Romani

246 2988 330 3052 enim
354 3005 424 3052 cum
447 2987 478 3052 in
502 2987 686 3053 uniuersum
709 3005 744 3052 se
767 2989 878 3054 Tuscis
901 2989 1011 3067 multa,
1034 3007 1116 3069 quae
1139 2988 1210 3052 usui
1233 2992 1324 3050 erant

245 3091 288 3156 66
309 3090 397 3155 61166
412 3090 542 3169 cultum,
566 3090 713 3156 debuisse
728 3088 929 3171 profitentur,
951 3095 1018 3155 tum
1043 3084 1324 3176 11616661616611-

245 3193 350 3257 monia
379 3191 603 3274 suppeditant:
634 3193 725 3258 Varr.
754 3211 805 3273 ap.
835 3191 915 3258 Plin.
948 3211 976 3257 n.
1000 3193 1032 3258 h.
1062 3192 1183 3258 XXXV
1208 3191 1269 3256 154
1291 3197 1325 3255 et

247 3296 326 3374 1573
349 3293 465 3375 Porph.
488 3294 530 3358 ad
551 3293 628 3359 Hor.
652 3312 700 3375 ep.
723 3294 757 3358 ΙΙ
777 3295 808 3376 2,
833 3295 910 3374 1803
934 3295 1075 3362 Cassiod.
1098 3314 1166 3360 uar.
1189 3293 1249 3360 VH
1273 3292 1322 3358 15.

246 3397 379 3462 Accedit
415 3396 499 3478 6666
540 3393 721 3461 Τουσκανοί
757 3396 858 3462 forma
902 3416 960 3478 pro
1001 3396 1142 3462 Toboaor
1178 3396 1229 3462 uel
1266 3413 1324 3477 pro

245 3499 424 3564 uetustiore
445 3497 546 3563 forma
566 3495 732 3583 Tapouroi,
755 3498 1068 3582 66666151661166,
1090 3503 1219 3581 praeter
1240 3499 1324 3563 hnnc

245 3609 278 3666 61
300 3600 467 3666 Clementis
490 3599 682 3682 Eusebiique
703 3601 787 3668 locos
803 3610 954 3682 cognatos
976 3620 1131 3683 nusquam
1155 3601 1321 3681 reperitur,

245 3706 359 3783 Itaque
381 3723 398 3766 e
421 3703 576 3784 Romano,
591 3700 678 3767 fonte
707 3701 835 3769 fluxisse
864 3703 925 3768 hoc
947 3703 1109 3768 inuentum
1133 3704 1324 3768 adseuerare

244 3807 328 3883 licet,
358 3804 549 3885 praesertim
572 3822 643 3870 cum
667 3805 799 3870 Romani
829 3805 1023 3871 Tuscanicus
1045 3804 1239 3870 adlectiuum
1261 3822 1319 3884 pro

247 3907 369 3975 Tuscus
403 3925 559 3991 usurpare
592 3907 743 3987 solerent,
775 3914 811 3972 61
839 3926 889 3974 res
920 3907 1068 3972 Etruriae
1099 3926 1177 3987 prae
1206 3905 1321 3976 ceteris
