3184 4886
646 366 858 434 „73-

212 557 294 621 quae
317 547 476 620 narratur,
503 578 536 587 —
562 545 600 605 nt
620 543 713 606 modo
735 541 800 607 dixi
823 578 863 588 -
886 541 1019 622 offendo,
1049 541 1105 606 sed
1135 541 1231 606 etiam
1254 543 1285 608 in

212 662 260 724 eo,
282 642 378 724 quod,
401 662 471 708 cum
494 650 628 725 utroque
650 644 769 728 Hygini
791 645 859 710 loco
876 645 1057 711 Phoroneus
1078 663 1140 709 uno
1162 646 1287 710 eodem-

212 763 275 826 que
296 747 446 826 praemio,
476 745 546 812 dico
585 747 669 828 regis
700 747 869 828 dignitate,
899 749 1066 814 decoretur
1097 752 1194 828 atque
1216 765 1286 812 cum

213 854 348 928 utroque
378 847 445 913 loco
476 867 602 915 causam
633 851 765 931 praemii
794 848 893 916 inisse
922 849 1107 916 beneficium
1138 850 1221 930 quod
1255 850 1287 912 in
1317 904 1318 910 ,

213 951 361 1016 lunonem
393 950 447 1015 ille
477 952 663 1034 contulerit,
694 953 815 1033 apertis
845 953 953 1019 uerbis
982 952 1058 1034 (fab.
1083 951 1145 1017 143
1171 951 1231 1032 „ob
1254 951 1287 1015 id

213 1052 430 1135 beneficium“,
453 1054 515 1120 fab.
539 1056 604 1120 274
625 1057 684 1136 „ob
707 1075 776 1121 eam
800 1058 963 1140 causam‘)
986 1055 1154 1134 indicetur,
1183 1061 1287 1120 tamen

213 1157 254 1222 de
276 1155 425 1222 beneficio
448 1157 516 1239 ipso
540 1158 693 1224 uariatur.
739 1160 844 1242 Atque
874 1177 913 1223 ea
942 1159 1082 1241 quidem,
1112 1175 1194 1241 quae
1224 1155 1287 1221 fab.

208 1259 278 1324 ‹143
300 1259 494 1337 referuntur,
523 1262 637 1342 probat
660 1263 805 1327 Lactant.
835 1263 875 1325 ad
909 1262 991 1328 Stat.
1023 1260 1120 1326 Theb.
1143 1258 1288 1337 1V5893

215 1361 415 1427 Phoroneum
445 1367 551 1428 autem
582 1366 719 1445 primum
741 1364 870 1429 Iunonis
901 1362 1021 1428 cultum
1044 1363 1219 1428 instituisse
1241 1366 1289 1426 te·

217 1469 345 1529 stantur
378 1465 982 1548 etiamOlem.Alex.protr.11144;
1017 1467 1099 1547 Hyg.
1122 1463 1186 1531 fab.
1208 1462 1288 1543 225;

214 1567 359 1632 Lactant.
383 1566 403 1630 l.
425 1567 444 1632 l.
468 1567 483 1630 Ι
505 1569 576 1634 252.
600 1567 681 1650 5423
704 1569 766 1633 XII
790 1569 865 1635 465.
908 1570 1021 1651 Itaque
1052 1585 1112 1631 non
1142 1567 1289 1632 dubitaui

214 1668 407 1734 lenissimam
424 1668 575 1735 Schefferi
597 1672 848 1736 emendationem
872 1671 1021 1752 recipere,
1044 1670 1128 1736 unde
1144 1668 1290 1748 efficitur,

215 1779 252 1834 ut
275 1772 434 1836 exstitisse
449 1771 512 1836 iam
529 1774 674 1839 mendum
691 1779 870 1839 statuamus
891 1774 960 1838 siue
978 1771 1169 1838 Cassiodorii
1184 1776 1291 1837 aetate

217 1875 258 1938 in*
272 1875 378 1940 codice
401 1874 576 1956 enchiridii,
606 1876 689 1955 quod
711 1875 831 1958 Hygini
860 1876 984 1942 nominc
1006 1873 1158 1955 inscripto
1179 1872 1291 1952 fertur,

215 1979 283 2042 siue
305 1987 399 2042 antea
421 1977 452 2042 in
476 1976 572 2059 lonte,
601 1997 639 2043 ex
670 1996 731 2059 quo
762 1985 795 2043 et
816 1978 987 2061 Hyginiaui
1020 1975 1157 2058 catalogi
1180 1982 1291 2042 auctor

215 2088 248 2142 et
271 2079 490 2145 Cassiodorius
511 2080 696 2146 hauserunt.

302 2182 348 2246 De
372 2183 492 2248 ratione
515 2191 621 2249 autem
644 2178 822 2271 abpr'pococ
844 2205 905 2249 non
928 2183 1126 2265 ambigimus,
1149 2182 1290 2264 quando-

219 2285 345 2368 quidem
379 2285 509 2350 Iunonis
544 2286 574 2349 in
599 2285 751 2368 Argolide
783 2287 888 2352 cultus
921 2286 1097 2367 antiquitus
1128 2285 1233 2366 uiguit
1262 2291 1294 2348 et

216 2386 399 2453 Phoroneus
422 2387 661 2468 antiquissimus
693 2389 736 2454 ibi
765 2389 925 2456 bominum
954 2387 1071 2454 fabulis
1092 2386 1290 2470 perhibetur.

216 2490 277 2568 Qui
299 2495 466 2571 praeterea
488 2491 606 2555 Iunone
629 2498 662 2556 at
675 2492 823 2572 Neptuno
845 2493 885 2558 de
900 2490 1114 2556 dominatione
1130 2488 1291 2571 Argolidis

217 2593 413 2659 certantibus
434 2594 553 2659 arbiter
582 2593 671 2659 litem
696 2596 822 2660 dedisse
851 2595 1025 2660 secuudum
1047 2592 1197 2658 lunonem
1221 2610 1292 2655 nar-

218 2703 307 2761 ratur
329 2696 417 2778 apud
441 2697 534 2762 Paua
555 2697 588 2761 Il
613 2698 662 2777 15,
684 2696 715 2762 5.
738 2732 780 2744 --

260 2809 261 2814 ’
302 2800 320 2881 ξ
346 2797 385 2864 15
416 2799 554 2880 „Chiron
584 2799 761 2866 Centaurus
790 2798 918 2864 Saturni
947 2795 1032 2862 filius
1064 2802 1166 2862 artem
1190 2794 1290 2859 medi-

217 2903 318 2967 cinam
342 2901 551 2982 chirurgicam
574 2921 612 2967 ex
626 2903 734 2968 herbis
749 2902 870 2983 primus
891 2900 1062 2966 instituit“
1085 2899 1188 2964 Test:
1212 2897 1292 2971 Plio,

218 3026 247 3070 n.
270 3006 300 3069 b.
332 3005 394 3069 VII
429 3006 506 3084 196;
540 3005 622 3071 Plut.
653 3011 773 3087 quaest
807 3023 895 3069 conu.
926 3003 975 3067 ΙΙΙ
1010 3003 1037 3083 1,
1061 3003 1090 3082 3,
1114 3003 1151 3082 23
1183 2999 1292 3065 Galen.

218 3107 334 3172 introd.
357 3108 374 3171 1
399 3107 490 3190 (XIV
511 3128 542 3190 p.
566 3109 629 3173 674
652 3110 700 3174 ed.
724 3107 879 3191 Kuebn.);
903 3105 990 3171 Suid.
1014 3123 1039 3170 s,
1063 3100 1202 3187 Χείρων.
1246 3102 1294 3166 Do

218 3209 354 3276 Chirone
377 3211 499 3276 medico
529 3219 561 3276 et
592 3212 633 3276 de
662 3210 832 3276 herbarum
864 3210 905 3273 ad
936 3209 1125 3272 medendum
1148 3224 1207 3270 usu
1230 3205 1294 3269 dis-

218 3313 319 3378 seruit
344 3313 486 3379 Welcker
507 3314 564 3379 Kl.
588 3313 717 3396 Sctrttt.
740 3312 788 3377 Ill
810 3331 840 3393 p.
867 3315 966 3393 lsqq.
990 3311 1030 3375 27
1047 3329 1115 3393 sqq.
1137 3346 1179 3355 -

303 3417 322 3498 ξ
359 3417 398 3480 16
435 3417 567 3498 „Apollo
601 3423 707 3482 autem
741 3406 911 3481 oculariam
949 3413 1137 3478 medicinam
1173 3410 1295 3492 primus

218 3516 323 3584 iecit.“
346 3519 493 3601 „autem“
515 3538 573 3600 pro
595 3521 740 3601 „artem“
762 3517 894 3583 coniecit
909 3516 1121 3594 Schmidtius;
1144 3513 1181 3579 cl.
1197 3530 1294 3593 supra

219 3641 249 3704 p.
274 3622 324 3688 69.
361 3621 447 3686 Test.
476 3621 554 3686 mibi
581 3623 715 3700 desunt,
743 3622 799 3686 sed
828 3617 866 3686 cf.
898 3619 1096 3684 Welckerum
1123 3617 1143 3682 l.
1173 3617 1192 3680 l.
1221 3633 1252 3695 p.
1275 3615 1295 3678 8

220 3745 249 3791 n.
272 3726 323 3791 20.
347 3763 388 3770 -

306 3829 325 3911 ξ
356 3830 393 3891 17
429 3827 546 3907 „tertio
581 3833 687 3891 autem
722 3826 790 3890 loco
824 3824 989 3906 Asclepius
1022 3820 1177 3904 Apollinis
1209 3818 1294 3885 filius

220 3931 351 3998 clinicen
376 3929 548 4012 repperit“.
583 3928 807 4010 Aesculapium
838 3927 1027 3993 medicinam
1058 3924 1110 3990 nal
1138 3923 1294 3990 inuenisse
