<?xml version="1.0" encoding="UTF-8"?>
<!DOCTYPE html PUBLIC "-//W3C//DTD XHTML 1.0 Transitional//EN"
    "http://www.w3.org/TR/xhtml1/DTD/xhtml1-transitional.dtd">
<html xmlns="http://www.w3.org/1999/xhtml" xml:lang="en" lang="en">
 <head>
  <title>
</title>
<meta http-equiv="Content-Type" content="text/html;charset=utf-8" />
  <meta name='ocr-system' content='tesseract 3.04.00' />
  <meta name='ocr-capabilities' content='ocr_page ocr_carea ocr_par ocr_line ocrx_word'/>
</head>
<body>
  <div class='ocr_page' id='page_1' title='image "./decatalogisheur01kremgoog_0109.png"; bbox 0 0 3184 4886; ppageno 0'>
   <div class='ocr_carea' id='block_1_1' title="bbox 726 352 938 418">
    <p class='ocr_par' dir='ltr' id='par_1_1' title="bbox 726 352 938 418">
     <span class='ocr_line' id='line_1_1' title="bbox 726 352 938 418; baseline -0.009 -17"><span class='ocrx_word' id='word_1_1' title='bbox 726 352 938 418; x_wconf 72' lang='lat'>..94-</span> 
     </span>
    </p>
   </div>
   <div class='ocr_carea' id='block_1_2' title="bbox 294 522 1371 708">
    <p class='ocr_par' dir='ltr' id='par_1_2' title="bbox 294 522 1371 708">
     <span class='ocr_line' id='line_1_2' title="bbox 294 522 1371 607; baseline -0.001 -20"><span class='ocrx_word' id='word_1_2' title='bbox 294 523 535 601; x_wconf 79' lang='lat' dir='ltr'><strong>inuentorum1)</strong></span> <span class='ocrx_word' id='word_1_3' title='bbox 551 523 687 590; x_wconf 87' lang='lat' dir='ltr'><strong>indicem</strong></span> <span class='ocrx_word' id='word_1_4' title='bbox 702 524 749 589; x_wconf 87' lang='lat' dir='ltr'><strong>ita</strong></span> <span class='ocrx_word' id='word_1_5' title='bbox 763 525 945 607; x_wconf 80' lang='lat' dir='ltr'><strong>appingam</strong></span> <span class='ocrx_word' id='word_1_6' title='bbox 967 530 1004 602; x_wconf 87' lang='lat' dir='ltr'><strong>ut</strong></span> <span class='ocrx_word' id='word_1_7' title='bbox 1018 541 1229 603; x_wconf 89' lang='lat' dir='ltr'><strong>numerorum,</strong></span> <span class='ocrx_word' id='word_1_8' title='bbox 1254 522 1371 604; x_wconf 87' lang='lat' dir='ltr'><strong>quibus</strong></span> 
     </span>
     <span class='ocr_line' id='line_1_3' title="bbox 295 623 1203 708; baseline 0.002 -19"><span class='ocrx_word' id='word_1_9' title='bbox 295 623 475 707; x_wconf 83' lang='lat' dir='ltr'><strong>Hygiuiona</strong></span> <span class='ocrx_word' id='word_1_10' title='bbox 496 626 684 696; x_wconf 88' lang='lat' dir='ltr'><strong>heuremata</strong></span> <span class='ocrx_word' id='word_1_11' title='bbox 705 627 863 708; x_wconf 84' lang='lat' dir='ltr'><strong>insigniui,</strong></span> <span class='ocrx_word' id='word_1_12' title='bbox 884 626 998 693; x_wconf 89' lang='lat' dir='ltr'><strong>seriem</strong></span> <span class='ocrx_word' id='word_1_13' title='bbox 1021 627 1203 707; x_wconf 78' lang='lat' dir='ltr'>producam.</span> 
     </span>
    </p>
   </div>
   <div class='ocr_carea' id='block_1_3' title="bbox 412 830 1246 898">
    <p class='ocr_par' dir='ltr' id='par_1_3' title="bbox 412 830 1246 898">
     <span class='ocr_line' id='line_1_4' title="bbox 412 830 1246 898; baseline 0.001 -3"><span class='ocrx_word' id='word_1_14' title='bbox 412 831 608 898; x_wconf 86' lang='lat' dir='ltr'><strong>Heuremato</strong></span> <span class='ocrx_word' id='word_1_15' title='bbox 629 852 647 897; x_wconf 92' lang='lat' dir='ltr'><strong>e</strong></span> <span class='ocrx_word' id='word_1_16' title='bbox 670 831 936 898; x_wconf 81' lang='lat' dir='ltr'><strong>cassiodorii</strong></span> <span class='ocrx_word' id='word_1_17' title='bbox 966 830 1075 896; x_wconf 77' lang='lat' dir='ltr'><strong>Variis</strong></span> <span class='ocrx_word' id='word_1_18' title='bbox 1096 831 1246 896; x_wconf 88' lang='lat' dir='ltr'><strong>conlecta</strong></span> 
     </span>
    </p>
   </div>
   <div class='ocr_carea' id='block_1_4' title="bbox 293 1033 1373 1733">
    <p class='ocr_par' dir='ltr' id='par_1_4' title="bbox 293 1033 1373 1733">
     <span class='ocr_line' id='line_1_5' title="bbox 379 1033 1373 1118; baseline -0.003 -16"><span class='ocrx_word' id='word_1_19' title='bbox 379 1035 398 1118; x_wconf 64' lang='grc' dir='ltr'>ξ</span> <span class='ocrx_word' id='word_1_20' title='bbox 420 1036 462 1102; x_wconf 85' lang='grc'><strong>39</strong></span> <span class='ocrx_word' id='word_1_21' title='bbox 485 1056 552 1102; x_wconf 88' lang='lat' dir='ltr'><strong>uar.</strong></span> <span class='ocrx_word' id='word_1_22' title='bbox 576 1037 643 1102; x_wconf 81' lang='lat'><strong>12.</strong></span> <span class='ocrx_word' id='word_1_23' title='bbox 668 1036 730 1117; x_wconf 90' lang='lat' dir='ltr'><strong>(De</strong></span> <span class='ocrx_word' id='word_1_24' title='bbox 752 1035 919 1118; x_wconf 82' lang='lat' dir='ltr'>purpura.)</span> <span class='ocrx_word' id='word_1_25' title='bbox 950 1033 1088 1116; x_wconf 86' lang='lat' dir='ltr'><strong>„Verum</strong></span> <span class='ocrx_word' id='word_1_26' title='bbox 1122 1035 1196 1101; x_wconf 88' lang='lat' dir='ltr'><strong>talis</strong></span> <span class='ocrx_word' id='word_1_27' title='bbox 1218 1041 1373 1114; x_wconf 86' lang='lat' dir='ltr'><strong>tantaque</strong></span> 
     </span>
     <span class='ocr_line' id='line_1_6' title="bbox 296 1137 1371 1220; baseline -0.002 -18"><span class='ocrx_word' id='word_1_28' title='bbox 296 1157 347 1203; x_wconf 87' lang='lat' dir='ltr'><strong>res</strong></span> <span class='ocrx_word' id='word_1_29' title='bbox 368 1156 464 1219; x_wconf 85' lang='lat' dir='ltr'><strong>quam</strong></span> <span class='ocrx_word' id='word_1_30' title='bbox 488 1138 573 1205; x_wconf 82' lang='lat' dir='ltr'><strong>facili</strong></span> <span class='ocrx_word' id='word_1_31' title='bbox 596 1140 713 1220; x_wconf 85' lang='lat' dir='ltr'><strong>legitur</strong></span> <span class='ocrx_word' id='word_1_32' title='bbox 728 1141 858 1204; x_wconf 85' lang='lat' dir='ltr'><strong>iuuenta</strong></span> <span class='ocrx_word' id='word_1_33' title='bbox 873 1138 1075 1220; x_wconf 77' lang='lat' dir='ltr'><strong>compendio)</strong></span> <span class='ocrx_word' id='word_1_34' title='bbox 1098 1158 1168 1203; x_wconf 91' lang='lat' dir='ltr'><strong>cum</strong></span> <span class='ocrx_word' id='word_1_35' title='bbox 1184 1137 1266 1202; x_wconf 87' lang='lat' dir='ltr'><strong>farne</strong></span> <span class='ocrx_word' id='word_1_36' title='bbox 1282 1138 1371 1202; x_wconf 82' lang='lat' dir='ltr'><strong>canis</strong></span> 
     </span>
     <span class='ocr_line' id='line_1_7' title="bbox 293 1240 1371 1326; baseline -0.003 -21"><span class='ocrx_word' id='word_1_37' title='bbox 293 1242 391 1307; x_wconf 87' lang='lat' dir='ltr'><strong>auida</strong></span> <span class='ocrx_word' id='word_1_38' title='bbox 405 1242 436 1306; x_wconf 92' lang='lat' dir='ltr'><strong>in</strong></span> <span class='ocrx_word' id='word_1_39' title='bbox 452 1242 547 1326; x_wconf 86' lang='lat' dir='ltr'><strong>Tyrio</strong></span> <span class='ocrx_word' id='word_1_40' title='bbox 562 1242 671 1307; x_wconf 90' lang='lat' dir='ltr'><strong>littore</strong></span> <span class='ocrx_word' id='word_1_41' title='bbox 693 1243 835 1323; x_wconf 86' lang='lat' dir='ltr'><strong>proiecta</strong></span> <span class='ocrx_word' id='word_1_42' title='bbox 858 1260 900 1306; x_wconf 94' lang='lat' dir='ltr'><strong>co</strong></span> <span class='ocrx_word' id='word_1_43' title='bbox 911 1263 928 1306; x_wconf 94' lang='grc' dir='ltr'><strong>ιι</strong></span> <span class='ocrx_word' id='word_1_44' title='bbox 940 1243 984 1307; x_wconf 89' lang='lat' dir='ltr'><strong>ch</strong></span> <span class='ocrx_word' id='word_1_45' title='bbox 994 1241 1083 1322; x_wconf 82' lang='lat' dir='ltr'><strong>ylio</strong></span> <span class='ocrx_word' id='word_1_46' title='bbox 1105 1240 1267 1322; x_wconf 82' lang='lat' dir='ltr'>impressis</span> <span class='ocrx_word' id='word_1_47' title='bbox 1283 1259 1371 1303; x_wconf 81' lang='lat' dir='ltr'><strong>nran-</strong></span> 
     </span>
     <span class='ocr_line' id='line_1_8' title="bbox 296 1344 1371 1427; baseline 0 -22"><span class='ocrx_word' id='word_1_48' title='bbox 296 1344 417 1409; x_wconf 89' lang='lat' dir='ltr'><strong>dibulis</strong></span> <span class='ocrx_word' id='word_1_49' title='bbox 440 1345 646 1427; x_wconf 83' lang='lat' dir='ltr'><strong>contudisset,</strong></span> <span class='ocrx_word' id='word_1_50' title='bbox 675 1345 731 1410; x_wconf 89' lang='lat' dir='ltr'><strong>illa</strong></span> <span class='ocrx_word' id='word_1_51' title='bbox 761 1344 948 1410; x_wconf 80' lang='lat' dir='ltr'><strong>naturaliter</strong></span> <span class='ocrx_word' id='word_1_52' title='bbox 978 1345 1140 1409; x_wconf 90' lang='lat' dir='ltr'><strong>humorem</strong></span> <span class='ocrx_word' id='word_1_53' title='bbox 1164 1344 1371 1424; x_wconf 84' lang='lat' dir='ltr'><strong>sanguineum</strong></span> 
     </span>
     <span class='ocr_line' id='line_1_9' title="bbox 295 1444 1371 1512; baseline 0 -5"><span class='ocrx_word' id='word_1_54' title='bbox 295 1444 467 1510; x_wconf 85' lang='lat' dir='ltr'><strong>defluentia</strong></span> <span class='ocrx_word' id='word_1_55' title='bbox 489 1465 547 1511; x_wconf 86' lang='lat' dir='ltr'><strong>ora</strong></span> <span class='ocrx_word' id='word_1_56' title='bbox 568 1447 637 1512; x_wconf 91' lang='lat' dir='ltr'><strong>eius</strong></span> <span class='ocrx_word' id='word_1_57' title='bbox 660 1447 797 1512; x_wconf 88' lang='lat' dir='ltr'><strong>mirabili</strong></span> <span class='ocrx_word' id='word_1_58' title='bbox 814 1447 916 1512; x_wconf 88' lang='lat' dir='ltr'><strong>colore</strong></span> <span class='ocrx_word' id='word_1_59' title='bbox 932 1448 1104 1512; x_wconf 83' lang='lat' dir='ltr'><strong>tinxerunt.</strong></span> <span class='ocrx_word' id='word_1_60' title='bbox 1126 1456 1160 1511; x_wconf 91' lang='lat' dir='ltr'><strong>et</strong></span> <span class='ocrx_word' id='word_1_61' title='bbox 1181 1452 1218 1510; x_wconf 90' lang='lat' dir='ltr'><strong>ut</strong></span> <span class='ocrx_word' id='word_1_62' title='bbox 1239 1451 1290 1510; x_wconf 91' lang='lat' dir='ltr'><strong>est</strong></span> <span class='ocrx_word' id='word_1_63' title='bbox 1305 1462 1371 1508; x_wconf 91' lang='lat' dir='ltr'><strong>mos</strong></span> 
     </span>
     <span class='ocr_line' id='line_1_10' title="bbox 295 1547 1371 1631; baseline 0.002 -21"><span class='ocrx_word' id='word_1_64' title='bbox 295 1547 474 1613; x_wconf 88' lang='lat' dir='ltr'><strong>hominibus</strong></span> <span class='ocrx_word' id='word_1_65' title='bbox 507 1551 685 1616; x_wconf 77' lang='lat' dir='ltr'><strong>occasiones</strong></span> <span class='ocrx_word' id='word_1_66' title='bbox 720 1549 902 1631; x_wconf 87' lang='lat' dir='ltr'><strong>repentinas</strong></span> <span class='ocrx_word' id='word_1_67' title='bbox 933 1551 973 1613; x_wconf 94' lang='lat' dir='ltr'><strong>ad</strong></span> <span class='ocrx_word' id='word_1_68' title='bbox 1008 1557 1095 1614; x_wconf 86' lang='lat' dir='ltr'><strong>artes</strong></span> <span class='ocrx_word' id='word_1_69' title='bbox 1127 1549 1260 1626; x_wconf 86' lang='lat' dir='ltr'><strong>ducere,</strong></span> <span class='ocrx_word' id='word_1_70' title='bbox 1292 1549 1371 1612; x_wconf 85' lang='lat' dir='ltr'><strong>talia</strong></span> 
     </span>
     <span class='ocr_line' id='line_1_11' title="bbox 294 1649 1371 1733; baseline 0 -20"><span class='ocrx_word' id='word_1_71' title='bbox 294 1651 438 1731; x_wconf 86' lang='lat' dir='ltr'><strong>exempla</strong></span> <span class='ocrx_word' id='word_1_72' title='bbox 469 1652 660 1718; x_wconf 80' lang='lat' dir='ltr'><strong>meditantes</strong></span> <span class='ocrx_word' id='word_1_73' title='bbox 681 1651 824 1718; x_wconf 88' lang='lat' dir='ltr'><strong>lecerunt</strong></span> <span class='ocrx_word' id='word_1_74' title='bbox 847 1653 1044 1733; x_wconf 90' lang='lat' dir='ltr'><strong>principibus</strong></span> <span class='ocrx_word' id='word_1_75' title='bbox 1075 1655 1173 1716; x_wconf 87' lang='lat' dir='ltr'><strong>decus</strong></span> <span class='ocrx_word' id='word_1_76' title='bbox 1204 1649 1305 1714; x_wconf 83' lang='lat' dir='ltr'>nobile</span> <span class='ocrx_word' id='word_1_77' title='bbox 1331 1651 1371 1713; x_wconf 91' lang='lat' dir='ltr'><strong>de</strong></span> 
     </span>
    </p>
   </div>
   <div class='ocr_carea' id='block_1_5' title="bbox 186 1754 1373 1835">
    <p class='ocr_par' dir='ltr' id='par_1_5' title="bbox 186 1754 1373 1835">
     <span class='ocr_line' id='line_1_12' title="bbox 186 1754 1373 1835; baseline -0.004 -15"><span class='ocrx_word' id='word_1_78' title='bbox 186 1808 189 1820; x_wconf 93' lang='lat'>.</span> <span class='ocrx_word' id='word_1_79' title='bbox 298 1772 341 1832; x_wconf 85' lang='lat' dir='ltr'><strong>re,</strong></span> <span class='ocrx_word' id='word_1_80' title='bbox 364 1771 446 1835; x_wconf 89' lang='lat' dir='ltr'><strong>quae</strong></span> <span class='ocrx_word' id='word_1_81' title='bbox 468 1754 681 1820; x_wconf 79' lang='lat' dir='ltr'><strong>substantiam</strong></span> <span class='ocrx_word' id='word_1_82' title='bbox 706 1756 848 1820; x_wconf 88' lang='lat' dir='ltr'><strong>noscitur</strong></span> <span class='ocrx_word' id='word_1_83' title='bbox 870 1755 987 1820; x_wconf 87' lang='lat' dir='ltr'><strong>habore</strong></span> <span class='ocrx_word' id='word_1_84' title='bbox 1011 1755 1232 1820; x_wconf 88' lang='lat' dir='ltr'><strong>mediocrem.“</strong></span> <span class='ocrx_word' id='word_1_85' title='bbox 1264 1755 1373 1816; x_wconf 82' lang='lat' dir='ltr'><strong>Addas</strong></span> 
     </span>
    </p>
   </div>
   <div class='ocr_carea' id='block_1_6' title="bbox 296 1856 1373 2246">
    <p class='ocr_par' dir='ltr' id='par_1_6' title="bbox 297 1856 920 1940">
     <span class='ocr_line' id='line_1_13' title="bbox 297 1856 920 1940; baseline 0.005 -22"><span class='ocrx_word' id='word_1_86' title='bbox 297 1856 339 1919; x_wconf 89' lang='lat' dir='ltr'><strong>ad</strong></span> <span class='ocrx_word' id='word_1_87' title='bbox 363 1856 446 1938; x_wconf 83' lang='lat' dir='ltr'>Hyg.</span> <span class='ocrx_word' id='word_1_88' title='bbox 469 1858 487 1940; x_wconf 66' lang='grc' dir='ltr'>ξ</span> <span class='ocrx_word' id='word_1_89' title='bbox 511 1857 561 1922; x_wconf 81' lang='grc'><strong>23.</strong></span> <span class='ocrx_word' id='word_1_90' title='bbox 606 1857 651 1922; x_wconf 87' lang='lat' dir='ltr'><strong>cf.</strong></span> <span class='ocrx_word' id='word_1_91' title='bbox 675 1857 805 1935; x_wconf 76' lang='lat' dir='ltr'><strong>Gregor.</strong></span> <span class='ocrx_word' id='word_1_92' title='bbox 829 1857 848 1940; x_wconf 64' lang='grc' dir='ltr'>ξ</span> <span class='ocrx_word' id='word_1_93' title='bbox 872 1859 920 1923; x_wconf 93' lang='grc'><strong>10.</strong></span> 
     </span>
    </p>

    <p class='ocr_par' dir='ltr' id='par_1_7' title="bbox 296 1957 1373 2246">
     <span class='ocr_line' id='line_1_14' title="bbox 379 1957 1373 2042; baseline -0.004 -18"><span class='ocrx_word' id='word_1_94' title='bbox 379 1959 398 2042; x_wconf 65' lang='grc' dir='ltr'>ξ</span> <span class='ocrx_word' id='word_1_95' title='bbox 419 1961 463 2026; x_wconf 87' lang='grc'><strong>40</strong></span> <span class='ocrx_word' id='word_1_96' title='bbox 484 1978 552 2024; x_wconf 89' lang='lat' dir='ltr'><strong>uar.</strong></span> <span class='ocrx_word' id='word_1_97' title='bbox 567 1960 600 2024; x_wconf 90' lang='grc' dir='ltr'><strong>ΙΙ</strong></span> <span class='ocrx_word' id='word_1_98' title='bbox 614 1960 665 2024; x_wconf 91' lang='grc'><strong>40.</strong></span> <span class='ocrx_word' id='word_1_99' title='bbox 696 1959 756 2041; x_wconf 74' lang='lat' dir='ltr'><strong>„to</strong></span> <span class='ocrx_word' id='word_1_100' title='bbox 767 1961 776 2025; x_wconf 95' lang='lat' dir='ltr'><strong>i</strong></span> <span class='ocrx_word' id='word_1_101' title='bbox 787 1961 911 2025; x_wconf 88' lang='lat' dir='ltr'><strong>thara</strong></span> <span class='ocrx_word' id='word_1_102' title='bbox 922 1961 967 2042; x_wconf 96' lang='lat' dir='ltr'><strong>m)</strong></span> <span class='ocrx_word' id='word_1_103' title='bbox 984 1961 1025 2024; x_wconf 93' lang='lat' dir='ltr'><strong>ad</strong></span> <span class='ocrx_word' id='word_1_104' title='bbox 1040 1959 1248 2024; x_wconf 87' lang='lat' dir='ltr'><strong>imitationem</strong></span> <span class='ocrx_word' id='word_1_105' title='bbox 1265 1957 1373 2022; x_wconf 88' lang='lat' dir='ltr'><strong>uariae</strong></span> 
     </span>
     <span class='ocr_line' id='line_1_15' title="bbox 298 2061 1372 2143; baseline -0.002 -18"><span class='ocrx_word' id='word_1_106' title='bbox 298 2063 469 2127; x_wconf 88' lang='lat' dir='ltr'><strong>testudinis</strong></span> <span class='ocrx_word' id='word_1_107' title='bbox 491 2061 666 2127; x_wconf 87' lang='lat' dir='ltr'><strong>Mercurius</strong></span> <span class='ocrx_word' id='word_1_108' title='bbox 689 2063 807 2128; x_wconf 90' lang='lat' dir='ltr'><strong>dicitur</strong></span> <span class='ocrx_word' id='word_1_109' title='bbox 828 2063 1008 2128; x_wconf 65' lang='lat' dir='ltr'><strong>inuenisse*</strong></span> <span class='ocrx_word' id='word_1_110' title='bbox 1021 2064 1061 2143; x_wconf 77' lang='lat'><strong>²).</strong></span> <span class='ocrx_word' id='word_1_111' title='bbox 1100 2061 1279 2141; x_wconf 83' lang='lat' dir='ltr'><strong>Coniungas</strong></span> <span class='ocrx_word' id='word_1_112' title='bbox 1301 2079 1372 2124; x_wconf 91' lang='lat' dir='ltr'><strong>cum</strong></span> 
     </span>
     <span class='ocr_line' id='line_1_16' title="bbox 296 2165 388 2246; baseline -0.022 -16"><span class='ocrx_word' id='word_1_113' title='bbox 296 2165 314 2246; x_wconf 68' lang='grc' dir='ltr'>ξ</span> <span class='ocrx_word' id='word_1_114' title='bbox 337 2166 388 2230; x_wconf 82' lang='lat'><strong>32.</strong></span> 
     </span>
    </p>
   </div>
   <div class='ocr_carea' id='block_1_7' title="bbox 300 2262 1371 2452">
    <p class='ocr_par' dir='ltr' id='par_1_8' title="bbox 300 2262 1371 2452">
     <span class='ocr_line' id='line_1_17' title="bbox 383 2262 1371 2350; baseline -0.006 -17"><span class='ocrx_word' id='word_1_115' title='bbox 383 2268 401 2350; x_wconf 67' lang='grc' dir='ltr'>ξ</span> <span class='ocrx_word' id='word_1_116' title='bbox 424 2268 464 2333; x_wconf 85' lang='grc'><strong>41</strong></span> <span class='ocrx_word' id='word_1_117' title='bbox 489 2287 556 2332; x_wconf 89' lang='lat' dir='ltr'><strong>uar.</strong></span> <span class='ocrx_word' id='word_1_118' title='bbox 579 2267 906 2349; x_wconf 84' lang='lat' dir='ltr'><strong>11131.„Aeslon</strong></span> <span class='ocrx_word' id='word_1_119' title='bbox 930 2265 983 2350; x_wconf 88' lang='lat' dir='ltr'><strong>[ol.</strong></span> <span class='ocrx_word' id='word_1_120' title='bbox 1006 2285 1103 2348; x_wconf 89' lang='lat' dir='ltr'><strong>supra</strong></span> <span class='ocrx_word' id='word_1_121' title='bbox 1125 2285 1156 2347; x_wconf 92' lang='lat' dir='ltr'><strong>p.</strong></span> <span class='ocrx_word' id='word_1_122' title='bbox 1179 2264 1221 2330; x_wconf 84' lang='lat'><strong>93</strong></span> <span class='ocrx_word' id='word_1_123' title='bbox 1243 2266 1316 2329; x_wconf 89' lang='lat' dir='ltr'><strong>adn.</strong></span> <span class='ocrx_word' id='word_1_124' title='bbox 1339 2262 1371 2346; x_wconf 92' lang='lat'><strong>1]</strong></span> 
     </span>
     <span class='ocr_line' id='line_1_18' title="bbox 300 2368 1169 2452; baseline -0.001 -18"><span class='ocrx_word' id='word_1_125' title='bbox 300 2370 481 2436; x_wconf 84' lang='lat' dir='ltr'><strong>Thessaliae</strong></span> <span class='ocrx_word' id='word_1_126' title='bbox 504 2388 558 2434; x_wconf 83' lang='lat' dir='ltr'><strong>rex</strong></span> <span class='ocrx_word' id='word_1_127' title='bbox 579 2370 778 2452; x_wconf 85' lang='lat' dir='ltr'><strong>(repperit).“</strong></span> <span class='ocrx_word' id='word_1_128' title='bbox 802 2368 981 2450; x_wconf 77' lang='lat' dir='ltr'><strong>coniungas</strong></span> <span class='ocrx_word' id='word_1_129' title='bbox 1004 2388 1074 2434; x_wconf 91' lang='lat' dir='ltr'><strong>cum</strong></span> <span class='ocrx_word' id='word_1_130' title='bbox 1098 2369 1116 2451; x_wconf 64' lang='grc' dir='ltr'>ξ</span> <span class='ocrx_word' id='word_1_131' title='bbox 1140 2370 1169 2433; x_wconf 83' lang='lat' dir='ltr'><strong>l.</strong></span> 
     </span>
    </p>
   </div>
   <div class='ocr_carea' id='block_1_8' title="bbox 299 2527 501 2534">
    <p class='ocr_par' dir='ltr' id='par_1_9' title="bbox 299 2527 501 2534">
     <span class='ocr_line' id='line_1_19' title="bbox 299 2527 501 2534; baseline -0.005 0"><span class='ocrx_word' id='word_1_132' title='bbox 299 2527 501 2534; x_wconf 68' lang='lat'><em>———---.-—</em></span> 
     </span>
    </p>
   </div>
   <div class='ocr_carea' id='block_1_9' title="bbox 297 2627 1376 3997">
    <p class='ocr_par' dir='ltr' id='par_1_10' title="bbox 297 2627 1376 3480">
     <span class='ocr_line' id='line_1_20' title="bbox 386 2627 1370 2706; baseline -0.002 -18"><span class='ocrx_word' id='word_1_133' title='bbox 386 2630 416 2706; x_wconf 89' lang='lat' dir='ltr'><strong>l)</strong></span> <span class='ocrx_word' id='word_1_134' title='bbox 447 2629 598 2688; x_wconf 84' lang='lat' dir='ltr'><strong>Knaacliio</strong></span> <span class='ocrx_word' id='word_1_135' title='bbox 630 2630 670 2705; x_wconf 92' lang='lat' dir='ltr'><strong>(p.</strong></span> <span class='ocrx_word' id='word_1_136' title='bbox 696 2635 757 2687; x_wconf 80' lang='lat'><strong>592</strong></span> <span class='ocrx_word' id='word_1_137' title='bbox 781 2651 810 2690; x_wconf 90' lang='grc' dir='ltr'><strong>ιι.</strong></span> <span class='ocrx_word' id='word_1_138' title='bbox 834 2635 864 2702; x_wconf 82' lang='grc'><strong>4)</strong></span> <span class='ocrx_word' id='word_1_139' title='bbox 894 2631 1035 2689; x_wconf 87' lang='lat' dir='ltr'><strong>adsensus</strong></span> <span class='ocrx_word' id='word_1_140' title='bbox 1066 2630 1149 2689; x_wconf 91' lang='lat' dir='ltr'><strong>omisi</strong></span> <span class='ocrx_word' id='word_1_141' title='bbox 1182 2649 1243 2691; x_wconf 86' lang='lat' dir='ltr'><strong>uar.</strong></span> <span class='ocrx_word' id='word_1_142' title='bbox 1265 2627 1310 2686; x_wconf 85' lang='lat' dir='ltr'><strong>IV</strong></span> <span class='ocrx_word' id='word_1_143' title='bbox 1334 2633 1370 2687; x_wconf 82' lang='lat'><strong>51</strong></span> 
     </span>
     <span class='ocr_line' id='line_1_21' title="bbox 300 2712 1374 2798; baseline -0.004 -24"><span class='ocrx_word' id='word_1_144' title='bbox 300 2717 520 2790; x_wconf 85' lang='lat' dir='ltr'><strong>„orchestarum</strong></span> <span class='ocrx_word' id='word_1_145' title='bbox 544 2715 637 2793; x_wconf 82' lang='lat' dir='ltr'><strong>(corr.</strong></span> <span class='ocrx_word' id='word_1_146' title='bbox 659 2712 810 2778; x_wconf 80' lang='lat' dir='ltr'><strong>Knaaclc.</strong></span> <span class='ocrx_word' id='word_1_147' title='bbox 829 2733 891 2798; x_wconf 79' lang='lat' dir='ltr'><strong>pro</strong></span> <span class='ocrx_word' id='word_1_148' title='bbox 905 2717 1113 2792; x_wconf 80' lang='lat' dir='ltr'><strong>horcistarum)</strong></span> <span class='ocrx_word' id='word_1_149' title='bbox 1137 2721 1230 2774; x_wconf 88' lang='lat' dir='ltr'><strong>artem</strong></span> <span class='ocrx_word' id='word_1_150' title='bbox 1252 2715 1374 2792; x_wconf 86' lang='lat' dir='ltr'><strong>aPoly-</strong></span> 
     </span>
     <span class='ocr_line' id='line_1_22' title="bbox 297 2800 1375 2880; baseline -0.001 -20"><span class='ocrx_word' id='word_1_151' title='bbox 297 2803 419 2880; x_wconf 82' lang='lat' dir='ltr'><strong>hymnis</strong></span> <span class='ocrx_word' id='word_1_152' title='bbox 442 2820 525 2860; x_wconf 86' lang='lat' dir='ltr'><strong>musa</strong></span> <span class='ocrx_word' id='word_1_153' title='bbox 546 2803 700 2860; x_wconf 90' lang='lat' dir='ltr'><strong>inuentam</strong></span> <span class='ocrx_word' id='word_1_154' title='bbox 722 2806 815 2874; x_wconf 85' lang='lat' dir='ltr'><strong>esse“‚</strong></span> <span class='ocrx_word' id='word_1_155' title='bbox 838 2821 903 2860; x_wconf 90' lang='lat' dir='ltr'><strong>cum</strong></span> <span class='ocrx_word' id='word_1_156' title='bbox 925 2807 988 2861; x_wconf 86' lang='lat' dir='ltr'><strong>tota</strong></span> <span class='ocrx_word' id='word_1_157' title='bbox 1002 2803 1091 2860; x_wconf 91' lang='lat' dir='ltr'><strong>huius</strong></span> <span class='ocrx_word' id='word_1_158' title='bbox 1106 2801 1248 2878; x_wconf 88' lang='lat' dir='ltr'><strong>epistolae</strong></span> <span class='ocrx_word' id='word_1_159' title='bbox 1264 2800 1375 2874; x_wconf 87' lang='lat' dir='ltr'><strong>digres-</strong></span> 
     </span>
     <span class='ocr_line' id='line_1_23' title="bbox 300 2886 1376 2962; baseline 0.001 -18"><span class='ocrx_word' id='word_1_160' title='bbox 300 2889 344 2945; x_wconf 82' lang='lat' dir='ltr'><strong>sio</strong></span> <span class='ocrx_word' id='word_1_161' title='bbox 367 2889 402 2946; x_wconf 90' lang='lat' dir='ltr'><strong>ad</strong></span> <span class='ocrx_word' id='word_1_162' title='bbox 425 2888 557 2945; x_wconf 88' lang='lat' dir='ltr'><strong>libellum</strong></span> <span class='ocrx_word' id='word_1_163' title='bbox 582 2888 617 2944; x_wconf 89' lang='lat' dir='ltr'><strong>de</strong></span> <span class='ocrx_word' id='word_1_164' title='bbox 639 2889 728 2946; x_wconf 90' lang='lat' dir='ltr'><strong>rebus</strong></span> <span class='ocrx_word' id='word_1_165' title='bbox 758 2889 899 2947; x_wconf 86' lang='lat' dir='ltr'><strong>scaenicis</strong></span> <span class='ocrx_word' id='word_1_166' title='bbox 930 2888 1128 2962; x_wconf 89' lang='lat' dir='ltr'><strong>conscriptum</strong></span> <span class='ocrx_word' id='word_1_167' title='bbox 1153 2887 1307 2946; x_wconf 81' lang='lat' dir='ltr'><strong>referenda</strong></span> <span class='ocrx_word' id='word_1_168' title='bbox 1329 2886 1376 2945; x_wconf 80' lang='lat' dir='ltr'><strong>sit</strong></span> 
     </span>
     <span class='ocr_line' id='line_1_24' title="bbox 298 2973 1375 3052; baseline 0 -22"><span class='ocrx_word' id='word_1_169' title='bbox 298 2974 408 3031; x_wconf 84' lang='lat' dir='ltr'><strong>Eodem</strong></span> <span class='ocrx_word' id='word_1_170' title='bbox 443 2973 593 3048; x_wconf 86' lang='lat' dir='ltr'><strong>pertinent</strong></span> <span class='ocrx_word' id='word_1_171' title='bbox 623 2973 681 3031; x_wconf 89' lang='lat' dir='ltr'><strong>duo</strong></span> <span class='ocrx_word' id='word_1_172' title='bbox 715 2979 868 3050; x_wconf 87' lang='lat' dir='ltr'><strong>praeterea</strong></span> <span class='ocrx_word' id='word_1_173' title='bbox 898 2973 1029 3045; x_wconf 87' lang='lat' dir='ltr'><strong>inuenta,</strong></span> <span class='ocrx_word' id='word_1_174' title='bbox 1071 2992 1146 3052; x_wconf 92' lang='lat' dir='ltr'><strong>quae</strong></span> <span class='ocrx_word' id='word_1_175' title='bbox 1176 2974 1278 3032; x_wconf 86' lang='lat' dir='ltr'><strong>eodem</strong></span> <span class='ocrx_word' id='word_1_176' title='bbox 1310 2973 1375 3030; x_wconf 92' lang='lat' dir='ltr'><strong>loco</strong></span> 
     </span>
     <span class='ocr_line' id='line_1_25' title="bbox 298 3057 1374 3136; baseline -0.001 -21"><span class='ocrx_word' id='word_1_177' title='bbox 298 3059 453 3131; x_wconf 80' lang='lat' dir='ltr'><strong>leguntur:</strong></span> <span class='ocrx_word' id='word_1_178' title='bbox 485 3059 701 3131; x_wconf 82' lang='lat' dir='ltr'><strong>„Athenienses</strong></span> <span class='ocrx_word' id='word_1_179' title='bbox 731 3059 858 3135; x_wconf 91' lang='lat' dir='ltr'><strong>primum</strong></span> <span class='ocrx_word' id='word_1_180' title='bbox 886 3065 1000 3134; x_wconf 83' lang='lat' dir='ltr'><strong>agreste</strong></span> <span class='ocrx_word' id='word_1_181' title='bbox 1031 3059 1207 3136; x_wconf 91' lang='lat' dir='ltr'><strong>principium</strong></span> <span class='ocrx_word' id='word_1_182' title='bbox 1241 3057 1374 3135; x_wconf 82' lang='lat' dir='ltr'><strong>(theatri)</strong></span> 
     </span>
     <span class='ocr_line' id='line_1_26' title="bbox 298 3145 1376 3219; baseline 0.002 -18"><span class='ocrx_word' id='word_1_183' title='bbox 298 3145 330 3201; x_wconf 90' lang='lat' dir='ltr'><strong>in</strong></span> <span class='ocrx_word' id='word_1_184' title='bbox 354 3145 498 3202; x_wconf 88' lang='lat' dir='ltr'><strong>urbanum</strong></span> <span class='ocrx_word' id='word_1_185' title='bbox 514 3145 711 3219; x_wconf 88' lang='lat' dir='ltr'><strong>spectaculum</strong></span> <span class='ocrx_word' id='word_1_186' title='bbox 728 3146 940 3219; x_wconf 85' lang='lat' dir='ltr'><strong>conlegerunt“</strong></span> <span class='ocrx_word' id='word_1_187' title='bbox 962 3150 993 3203; x_wconf 87' lang='lat' dir='ltr'><strong>et</strong></span> <span class='ocrx_word' id='word_1_188' title='bbox 1014 3145 1143 3216; x_wconf 85' lang='lat' dir='ltr'><strong>„Mimus</strong></span> <span class='ocrx_word' id='word_1_189' title='bbox 1165 3189 1174 3206; x_wconf 90' lang='lat'><strong><em>.</em></strong></span> <span class='ocrx_word' id='word_1_190' title='bbox 1199 3189 1206 3204; x_wconf 90' lang='lat'><strong>.</strong></span> <span class='ocrx_word' id='word_1_191' title='bbox 1230 3189 1237 3205; x_wconf 88' lang='lat'><strong>.</strong></span> <span class='ocrx_word' id='word_1_192' title='bbox 1262 3191 1269 3208; x_wconf 81' lang='grc'><strong>.</strong></span> <span class='ocrx_word' id='word_1_193' title='bbox 1292 3151 1376 3203; x_wconf 84' lang='lat' dir='ltr'><strong>tanta</strong></span> 
     </span>
     <span class='ocr_line' id='line_1_27' title="bbox 299 3229 1374 3307; baseline 0.001 -22"><span class='ocrx_word' id='word_1_194' title='bbox 299 3229 485 3297; x_wconf 82' lang='lat' dir='ltr'><strong>Philistionis</strong></span> <span class='ocrx_word' id='word_1_195' title='bbox 507 3230 622 3289; x_wconf 87' lang='lat' dir='ltr'><strong>cautela</strong></span> <span class='ocrx_word' id='word_1_196' title='bbox 643 3237 778 3306; x_wconf 87' lang='lat' dir='ltr'><strong>repertus</strong></span> <span class='ocrx_word' id='word_1_197' title='bbox 807 3237 862 3304; x_wconf 88' lang='lat' dir='ltr'><strong>est,</strong></span> <span class='ocrx_word' id='word_1_198' title='bbox 892 3236 926 3289; x_wconf 91' lang='lat' dir='ltr'><strong>ut</strong></span> <span class='ocrx_word' id='word_1_199' title='bbox 954 3231 1018 3289; x_wconf 90' lang='lat' dir='ltr'><strong>eius</strong></span> <span class='ocrx_word' id='word_1_200' title='bbox 1047 3237 1130 3290; x_wconf 87' lang='lat' dir='ltr'><strong>actus</strong></span> <span class='ocrx_word' id='word_1_201' title='bbox 1160 3235 1321 3307; x_wconf 87' lang='lat' dir='ltr'><strong>poneretur</strong></span> <span class='ocrx_word' id='word_1_202' title='bbox 1343 3231 1374 3286; x_wconf 92' lang='lat' dir='ltr'><strong>in</strong></span> 
     </span>
     <span class='ocr_line' id='line_1_28' title="bbox 299 3315 1375 3395; baseline 0.001 -23"><span class='ocrx_word' id='word_1_203' title='bbox 299 3315 435 3376; x_wconf 88' lang='lat' dir='ltr'><strong>litteris“.</strong></span> <span class='ocrx_word' id='word_1_204' title='bbox 459 3349 501 3356; x_wconf 97' lang='lat'>—</span> <span class='ocrx_word' id='word_1_205' title='bbox 523 3317 615 3374; x_wconf 89' lang='lat' dir='ltr'><strong>Porro</strong></span> <span class='ocrx_word' id='word_1_206' title='bbox 639 3334 673 3372; x_wconf 90' lang='lat' dir='ltr'><strong>ea</strong></span> <span class='ocrx_word' id='word_1_207' title='bbox 696 3317 828 3389; x_wconf 91' lang='lat' dir='ltr'><strong>inuenta,</strong></span> <span class='ocrx_word' id='word_1_208' title='bbox 850 3335 926 3395; x_wconf 87' lang='lat' dir='ltr'><strong>quae</strong></span> <span class='ocrx_word' id='word_1_209' title='bbox 949 3319 1075 3375; x_wconf 88' lang='lat' dir='ltr'><strong>erebus</strong></span> <span class='ocrx_word' id='word_1_210' title='bbox 1097 3317 1227 3376; x_wconf 88' lang='lat' dir='ltr'><strong>Iudaicis</strong></span> <span class='ocrx_word' id='word_1_211' title='bbox 1247 3315 1375 3391; x_wconf 87' lang='lat' dir='ltr'><strong>repetita</strong></span> 
     </span>
     <span class='ocr_line' id='line_1_29' title="bbox 299 3401 1330 3480; baseline -0.002 -20"><span class='ocrx_word' id='word_1_212' title='bbox 299 3408 377 3475; x_wconf 89' lang='lat' dir='ltr'><strong>sunt,</strong></span> <span class='ocrx_word' id='word_1_213' title='bbox 401 3420 460 3458; x_wconf 91' lang='lat' dir='ltr'><strong>non</strong></span> <span class='ocrx_word' id='word_1_214' title='bbox 484 3401 612 3475; x_wconf 87' lang='lat' dir='ltr'><strong>respexi,</strong></span> <span class='ocrx_word' id='word_1_215' title='bbox 636 3402 706 3480; x_wconf 85' lang='lat' dir='ltr'><strong>quia</strong></span> <span class='ocrx_word' id='word_1_216' title='bbox 727 3404 764 3460; x_wconf 87' lang='lat' dir='ltr'><strong>ab</strong></span> <span class='ocrx_word' id='word_1_217' title='bbox 786 3403 887 3460; x_wconf 90' lang='lat' dir='ltr'><strong>indole</strong></span> <span class='ocrx_word' id='word_1_218' title='bbox 907 3401 1034 3477; x_wconf 73' lang='lat' dir='ltr'><strong>catalogi</strong></span> <span class='ocrx_word' id='word_1_219' title='bbox 1057 3402 1139 3479; x_wconf 86' lang='lat' dir='ltr'><strong>Hyg.</strong></span> <span class='ocrx_word' id='word_1_220' title='bbox 1161 3404 1330 3461; x_wconf 86' lang='lat' dir='ltr'><strong>abhorrent.</strong></span> 
     </span>
    </p>

    <p class='ocr_par' dir='ltr' id='par_1_11' title="bbox 299 3486 1375 3997">
     <span class='ocr_line' id='line_1_30' title="bbox 385 3486 1373 3565; baseline 0.001 -21"><span class='ocrx_word' id='word_1_221' title='bbox 385 3488 417 3564; x_wconf 79' lang='lat'><strong>2)</strong></span> <span class='ocrx_word' id='word_1_222' title='bbox 441 3487 485 3544; x_wconf 90' lang='lat' dir='ltr'><strong>De</strong></span> <span class='ocrx_word' id='word_1_223' title='bbox 507 3486 596 3544; x_wconf 91' lang='lat' dir='ltr'><strong>huius</strong></span> <span class='ocrx_word' id='word_1_224' title='bbox 618 3487 735 3564; x_wconf 89' lang='lat' dir='ltr'><strong>quidem</strong></span> <span class='ocrx_word' id='word_1_225' title='bbox 759 3487 874 3546; x_wconf 90' lang='lat' dir='ltr'><strong>inuenti</strong></span> <span class='ocrx_word' id='word_1_226' title='bbox 898 3487 1012 3562; x_wconf 85' lang='lat' dir='ltr'><strong>origine</strong></span> <span class='ocrx_word' id='word_1_227' title='bbox 1035 3489 1162 3547; x_wconf 90' lang='lat' dir='ltr'><strong>dubitari</strong></span> <span class='ocrx_word' id='word_1_228' title='bbox 1179 3492 1284 3565; x_wconf 87' lang='lat' dir='ltr'><strong>potest,</strong></span> <span class='ocrx_word' id='word_1_229' title='bbox 1308 3507 1373 3546; x_wconf 91' lang='lat' dir='ltr'><strong>cum</strong></span> 
     </span>
     <span class='ocr_line' id='line_1_31' title="bbox 299 3572 1375 3649; baseline -0.001 -18"><span class='ocrx_word' id='word_1_230' title='bbox 299 3574 436 3649; x_wconf 85' lang='lat' dir='ltr'><strong>copiosae</strong></span> <span class='ocrx_word' id='word_1_231' title='bbox 458 3573 494 3630; x_wconf 87' lang='lat' dir='ltr'><strong>de</strong></span> <span class='ocrx_word' id='word_1_232' title='bbox 516 3578 579 3630; x_wconf 91' lang='lat' dir='ltr'><strong>arte</strong></span> <span class='ocrx_word' id='word_1_233' title='bbox 601 3572 712 3630; x_wconf 90' lang='lat' dir='ltr'><strong>musica</strong></span> <span class='ocrx_word' id='word_1_234' title='bbox 733 3573 927 3649; x_wconf 87' lang='lat' dir='ltr'><strong>disputationi</strong></span> <span class='ocrx_word' id='word_1_235' title='bbox 948 3575 1096 3633; x_wconf 87' lang='lat' dir='ltr'><strong>intextum</strong></span> <span class='ocrx_word' id='word_1_236' title='bbox 1119 3575 1241 3649; x_wconf 83' lang='lat' dir='ltr'><strong>legatur.</strong></span> <span class='ocrx_word' id='word_1_237' title='bbox 1287 3573 1375 3632; x_wconf 79' lang='lat' dir='ltr'><strong>Sede</strong></span> 
     </span>
     <span class='ocr_line' id='line_1_32' title="bbox 300 3657 1375 3739; baseline 0.002 -23"><span class='ocrx_word' id='word_1_238' title='bbox 300 3659 426 3717; x_wconf 87' lang='lat' dir='ltr'><strong>diuersis</strong></span> <span class='ocrx_word' id='word_1_239' title='bbox 447 3657 580 3717; x_wconf 85' lang='lat' dir='ltr'><strong>fontibus</strong></span> <span class='ocrx_word' id='word_1_240' title='bbox 603 3657 804 3718; x_wconf 82' lang='lat' dir='ltr'><strong>Cassiodorius</strong></span> <span class='ocrx_word' id='word_1_241' title='bbox 825 3661 899 3734; x_wconf 85' lang='lat' dir='ltr'><strong>ipse,</strong></span> <span class='ocrx_word' id='word_1_242' title='bbox 923 3679 998 3739; x_wconf 86' lang='lat' dir='ltr'><strong>quae</strong></span> <span class='ocrx_word' id='word_1_243' title='bbox 1014 3679 1140 3719; x_wconf 86' lang='lat' dir='ltr'><strong>excursu</strong></span> <span class='ocrx_word' id='word_1_244' title='bbox 1154 3659 1242 3720; x_wconf 91' lang='lat' dir='ltr'><strong>huius</strong></span> <span class='ocrx_word' id='word_1_245' title='bbox 1267 3658 1375 3736; x_wconf 88' lang='lat' dir='ltr'><strong>episto·</strong></span> 
     </span>
     <span class='ocr_line' id='line_1_33' title="bbox 299 3743 1375 3820; baseline 0.003 -20"><span class='ocrx_word' id='word_1_246' title='bbox 299 3743 345 3801; x_wconf 88' lang='lat' dir='ltr'><strong>lae</strong></span> <span class='ocrx_word' id='word_1_247' title='bbox 367 3744 502 3820; x_wconf 82' lang='lat' dir='ltr'><strong>protulit,</strong></span> <span class='ocrx_word' id='word_1_248' title='bbox 525 3743 724 3819; x_wconf 88' lang='lat' dir='ltr'><strong>composuisse</strong></span> <span class='ocrx_word' id='word_1_249' title='bbox 746 3744 819 3802; x_wconf 92' lang='lat' dir='ltr'><strong>mihi</strong></span> <span class='ocrx_word' id='word_1_250' title='bbox 842 3745 968 3817; x_wconf 88' lang='lat' dir='ltr'><strong>uidetur,</strong></span> <span class='ocrx_word' id='word_1_251' title='bbox 991 3746 1070 3804; x_wconf 89' lang='lat' dir='ltr'><strong>inter</strong></span> <span class='ocrx_word' id='word_1_252' title='bbox 1092 3746 1149 3804; x_wconf 90' lang='lat' dir='ltr'><strong>alia</strong></span> <span class='ocrx_word' id='word_1_253' title='bbox 1171 3745 1249 3805; x_wconf 86' lang='lat' dir='ltr'><strong>enim</strong></span> <span class='ocrx_word' id='word_1_254' title='bbox 1265 3747 1375 3804; x_wconf 90' lang='lat' dir='ltr'><strong>dietum</strong></span> 
     </span>
     <span class='ocr_line' id='line_1_34' title="bbox 300 3829 1374 3911; baseline 0.004 -25"><span class='ocrx_word' id='word_1_255' title='bbox 300 3831 447 3906; x_wconf 85' lang='lat' dir='ltr'><strong>quoddam</strong></span> <span class='ocrx_word' id='word_1_256' title='bbox 469 3829 586 3892; x_wconf 83' lang='lat' dir='ltr'><strong>Terent.</strong></span> <span class='ocrx_word' id='word_1_257' title='bbox 618 3830 713 3888; x_wconf 90' lang='lat' dir='ltr'><strong>Mauri</strong></span> <span class='ocrx_word' id='word_1_258' title='bbox 744 3829 793 3907; x_wconf 89' lang='lat' dir='ltr'><strong>(de</strong></span> <span class='ocrx_word' id='word_1_259' title='bbox 820 3836 904 3891; x_wconf 88' lang='lat' dir='ltr'><strong>metr.</strong></span> <span class='ocrx_word' id='word_1_260' title='bbox 932 3836 1011 3889; x_wconf 81' lang='lat'>1580</span> <span class='ocrx_word' id='word_1_261' title='bbox 1028 3833 1086 3911; x_wconf 88' lang='lat' dir='ltr'><strong>sq.)</strong></span> <span class='ocrx_word' id='word_1_262' title='bbox 1113 3833 1253 3904; x_wconf 86' lang='lat' dir='ltr'><strong>exhibet;</strong></span> <span class='ocrx_word' id='word_1_263' title='bbox 1285 3838 1374 3910; x_wconf 88' lang='lat' dir='ltr'><strong>atque</strong></span> 
     </span>
     <span class='ocr_line' id='line_1_35' title="bbox 299 3913 1375 3997; baseline 0.006 -25"><span class='ocrx_word' id='word_1_264' title='bbox 299 3913 454 3974; x_wconf 90' lang='lat' dir='ltr'><strong>inuentum</strong></span> <span class='ocrx_word' id='word_1_265' title='bbox 470 3934 590 3990; x_wconf 86' lang='lat' dir='ltr'><strong>prorsus</strong></span> <span class='ocrx_word' id='word_1_266' title='bbox 606 3917 855 3976; x_wconf 83' lang='lat' dir='ltr'><strong>accommodatum</strong></span> <span class='ocrx_word' id='word_1_267' title='bbox 879 3923 924 3976; x_wconf 90' lang='lat' dir='ltr'><strong>est</strong></span> <span class='ocrx_word' id='word_1_268' title='bbox 945 3919 981 3975; x_wconf 86' lang='lat' dir='ltr'><strong>ad</strong></span> <span class='ocrx_word' id='word_1_269' title='bbox 997 3919 1077 3997; x_wconf 82' lang='lat' dir='ltr'>Hyg.</span> <span class='ocrx_word' id='word_1_270' title='bbox 1094 3917 1220 3994; x_wconf 81' lang='lat' dir='ltr'><strong>catalogi</strong></span> <span class='ocrx_word' id='word_1_271' title='bbox 1235 3918 1375 3978; x_wconf 88' lang='lat' dir='ltr'><strong>indolem.</strong></span> 
     </span>
    </p>
   </div>
   <div class='ocr_carea' id='block_1_10' title="bbox 0 0 1601 4884">
    <p class='ocr_par' dir='ltr' id='par_1_12' title="bbox 0 0 1601 4884">
     <span class='ocr_line' id='line_1_36' title="bbox 0 0 1601 4884; baseline 0 0"><span class='ocrx_word' id='word_1_272' title='bbox 0 0 1601 4884; x_wconf 95' lang='lat' dir='ltr'><strong> </strong></span> 
     </span>
    </p>
   </div>
  </div>
 </body>
</html>
