3190 4882
697 418 888 481 -9-

253 604 326 652 esse
348 591 494 668 apparet,
525 587 634 668 itaque
664 587 801 668 primum
834 587 1009 653 cauendum
1040 604 1109 652 esse
1131 587 1269 668 uidetur,
1292 601 1331 652 ne

253 688 281 752 ei
305 687 436 752 nimium
452 687 628 768 credamus,
650 690 840 769 praesertim
863 706 934 755 cum
950 688 1208 771 demannns1)
1231 706 1332 769 nuper

255 807 380 855 omnem
411 789 476 854 lere
505 788 600 854 fidem
623 790 758 856 'datiano
788 792 1004 873 denegauerit.
1048 791 1104 857 Eis
1134 791 1228 870 enim,
1250 809 1332 872 quae

252 892 407 957 Tatianus
437 909 527 974 capp.
549 891 677 958 33-35
699 893 739 958 de
769 892 918 975 operibus
949 892 1155 975 artificiisque
1185 891 1332 973 tradidit,

252 994 456 1075 sagacissime
478 995 695 1076 acerrimeque
711 995 899 1062 examinatis
922 1015 992 1062 enm
1016 997 1159 1062 consulto
1174 1012 1331 1062 commen-

252 1097 330 1163 ticia
351 1097 530 1177 prodidisse
552 1099 694 1164 coniecit.
739 1097 870 1180 Singula
899 1098 998 1179 igitur
1020 1099 1189 1181 diligenter
1211 1095 1331 1161 excuti·

252 1217 343 1264 amus
364 1197 521 1280 simulque
543 1199 577 1264 id
592 1205 782 1281 spectemus,
806 1218 879 1265 num
902 1201 979 1281 quid
1001 1201 1042 1266 de
1057 1200 1178 1283 origine
1194 1197 1331 1277 catalogi

257 1319 490 1386 cognoscamus.
1013 1351 1015 1354 .

339 1404 573 1470 Commentario
612 1410 718 1469 autem
752 1403 878 1470 Tatiani
920 1405 1131 1471 narrationem
1165 1405 1331 1483 instruens,

252 1525 333 1588 quae
355 1505 509 1586 catalogis
531 1512 707 1572 ceterorum
731 1505 982 1572 Christianorum
1005 1508 1208 1589 praebentur,
1240 1507 1331 1572 testi-

253 1611 357 1674 monia
379 1609 570 1691 praeteribo,
592 1627 663 1673 cum
687 1610 727 1674 de
741 1610 873 1690 ratione,
896 1628 977 1693 qnae
999 1610 1083 1676 inter
1097 1610 1202 1676 fontes
1223 1627 1330 1676 eorum

253 1712 446 1790 intercedat,
485 1711 676 1792 peculiarem
717 1710 802 1776 infra
840 1713 1009 1778 instituere
1047 1712 1264 1794 quaestionem
1297 1709 1329 1774 in

253 1815 358 1878 animo
380 1814 432 1878 sit.
467 1812 532 1879 Nec
548 1811 668 1892 dubito,
692 1813 766 1896 quin
784 1831 833 1879 me
848 1816 1035 1880 beuremeta
1050 1834 1067 1880 e
1082 1813 1173 1879 libris
1188 1818 1331 1880 ueterum

253 1916 463 1997 conligentem
487 1914 657 1981 nonnulla
687 1915 863 1997 effugerint,
893 1918 950 1982 sed
980 1936 1051 1983 eum
1082 1915 1235 1982 incultum
1266 1914 1331 1980 iere

255 2018 392 2100 agellum
416 2017 584 2097 arcuerim,
616 2019 701 2083 uiros
730 2019 839 2085 doctos
862 2019 996 2100 benigne
1019 2019 1059 2084 de
1081 2016 1229 2100 periculis
1252 2016 1331 2080 meis

252 2121 448 2185 iudicaturos
476 2137 545 2186 esse
576 2139 670 2202 spero
699 2129 796 2204 atque
825 2141 910 2204 rogo.
956 2124 1181 2188 Verumtamen
1212 2118 1247 2184 id
1270 2135 1329 2182 non

253 2224 314 2306 egi,
337 2227 373 2286 ut
395 2239 513 2302 omnes,
535 2222 650 2302 quibus
671 2223 754 2289 idem
770 2219 834 2306 clip.
851 2224 1000 2304 traditur,
1021 2224 1106 2290 locos
1128 2222 1332 2300 cumularem,

253 2324 348 2391 immo
370 2324 403 2388 id
425 2323 503 2388 mihi
526 2324 685 2405 proposui,
709 2330 745 2390 ut
766 2325 936 2407 experirer,
959 2346 1034 2392 num
1057 2345 1138 2407 quae
1161 2328 1332 2390 narrantur

255 2425 327 2491 aliis
342 2425 524 2491 litterarum
540 2425 730 2492 testimoniis
752 2427 821 2492 siue
836 2428 1065 2495 uetustioribus
1089 2430 1157 2494 siue
1180 2427 1229 2509 lie,
1252 2443 1333 2508 quae

123 2617 126 2624 1
253 2547 292 2594 ex
312 2528 375 2593 alio
397 2527 484 2593 fonte
513 2533 740 2609 manaueruut,
773 2528 1034 2595 confirmarentur
1066 2539 1163 2610 atque
1192 2528 1332 2593 illustra·

258 2635 376 2696 rentur.

339 2734 358 2815 ξ
383 2736 410 2799 1.
448 2733 536 2798 ldem
559 2739 700 2800 testatur
723 2735 823 2800 Noun.
846 2735 1055 2817 Abb.2)171
1081 2753 1111 2815 p.
1135 2733 1331 2815 1021Mign.

253 2835 423 2901 Praeterea
445 2835 572 2918 saepius
594 2844 741 2903 narratur
755 2837 988 2903 Telmessenses
1007 2837 1140 2901 ostentis
1162 2834 1331 2918 prodigiis-

253 2955 314 3019 que
336 2937 587 3019 interpretandis
616 2945 713 3020 atque
743 2940 897 3021 omnibus,
929 2957 1010 3020 quae
1040 2939 1082 3004 ad
1105 2937 1331 3004 diuinationem

253 3044 407 3120 spectant,
430 3040 524 3105 rebus
547 3041 724 3108 studuisse:
757 3041 875 3106 Herod.
897 3041 913 3105 Ι
937 3041 976 3106 78
1000 3049 1034 3105 et
1056 3040 1112 3119 843
1139 3039 1206 3106 Gic.
1230 3038 1332 3104 diul

252 3140 478 3224 41sq.;1>lin.
501 3162 530 3208 n.
554 3143 585 3208 h.
608 3143 698 3210 XXX
720 3148 756 3224 63
780 3145 852 3208 Arr.
875 3143 965 3209 anab.
988 3143 1074 3225 113,
1096 3143 1136 3224 33
1158 3140 1249 3208 Phot.
1272 3140 1331 3207 lex.

252 3261 277 3309 s.
298 3242 413 3328 Τελμ.;
438 3281 478 3290 -
502 3245 633 3313 Tertull.
656 3247 697 3313 de
719 3247 812 3312 anim.
830 3247 872 3312 46
895 3246 949 3328 ,‚T.
965 3245 1051 3311 nulla
1073 3247 1195 3311 somnia
1216 3262 1332 3310 euacu-

253 3351 320 3427 ant,
342 3345 595 3414 imbecillitatem
618 3349 858 3415 coniectationis
879 3349 1054 3415 incusant.“
1079 3383 1118 3394 -

339 3449 409 3530 §2
446 3450 514 3516 Hoc
536 3443 600 3538 εὕρ.
623 3452 728 3534 ipsum
761 3453 848 3532 apud
878 3451 957 3518 elios
980 3450 1151 3532 scriptores
1174 3469 1234 3515 non
1257 3449 1329 3532 legi,

347 3711 376 3786 l)
398 3708 486 3773 Mus.
508 3706 610 3772 Rheso.
633 3711 732 3770 XLII.
762 3713 849 3770 1887.
872 3731 902 3786 p.
925 3714 985 3769 489
1002 3730 1067 3788 sqq.

342 3797 373 3873 2)
403 3797 448 3856 Do
487 3795 662 3855 auctoritate
693 3797 821 3856 nominis
857 3795 957 3854 Nonni
987 3793 1151 3871 disputauit
1179 3792 1332 3866 Potnigiue

254 3877 362 4026 ἔνρνὲ
388 3878 571 3946 lbomaoac
600 3882 681 3962 Lipe.
717 3886 806 3976 1890.
839 3903 868 3958 p.
892 3886 931 3939 24
948 3900 1030 3963 sqq.:
1059 3881 1095 3938 of.
1121 3878 1200 3940 infra
1232 3899 1261 3959 p.
1292 3882 1331 3939 44

291 3987 319 4029 n.
365 4011 372 4026 .
823 4019 828 4028 .
