3184 4886
673 405 906 478 -107-

252 583 320 644 tum
336 584 429 661 esset,
453 579 503 646 uel
524 579 693 662 peculiare,
716 599 778 662 quc
793 577 873 666 περὶ
895 572 1083 664 εὑρημάτων
1099 578 1328 660 disputaretur,

252 681 432 748 litterarum
472 701 571 766 genus
603 682 738 748 maxime
768 701 788 747 a
828 681 1048 764 peripateticis
1079 679 1239 746 excultum
1270 684 1328 744 est

254 783 352 850 Gnius
378 783 505 866 generis
535 801 634 864 usque
665 785 706 850 ad
738 789 911 851 extremam
942 781 1167 864 antiquitatem
1191 781 1328 864 uestigiis

254 893 441 968 persecutus
470 905 549 954 sum.
597 883 660 952 Sed
690 887 829 952 medinm
859 903 984 968 quoque
1013 904 1071 968 per
1103 903 1215 951 aeuum
1249 882 1328 952 illud

253 989 392 1054 studium
416 1007 476 1054 non
498 989 592 1071 plane
607 994 782 1055 emortuum
799 1005 869 1056 asse
884 989 958 1054 inde
969 989 1000 1069 ι)
1024 988 1124 1069 uides,
1145 987 1231 1072 quod
1245 986 1330 1052 inter

252 1098 402 1172 excerpta
425 1091 635 1170 miscellanea,
658 1110 738 1176 quae
767 1091 799 1158 in
821 1090 983 1157 codicibus
1005 1089 1134 1156 chartae
1156 1088 1330 1170 explendae

253 1212 349 1260 causa
378 1193 588 1270 addebantur,
618 1212 678 1259 non
709 1211 782 1260 raro
811 1187 947 1280 εὑρετῶν
968 1193 1089 1258 indices
1117 1191 1330 1274 reperiuntur,

252 1295 422 1379 inquibus
445 1297 541 1365 etiam
564 1296 736 1364 recentium
759 1305 936 1378 temporum
958 1296 1089 1362 inuenta
1111 1295 1232 1362 ueteris
1256 1293 1329 1360 doc·

253 1399 357 1465 trinae
379 1398 520 1482 reliqniis
541 1400 688 1464 immixta
712 1404 795 1464 suut.
840 1397 997 1464 Secuntur
1011 1416 1108 1481 opera
1130 1397 1343 1464 heurcmator

252 1503 406 1586 graphica
428 1501 545 1567 saeculi
567 1502 643 1568 XVI
664 1508 697 1567 et
721 1507 848 1568 nostrae
870 1501 995 1581 aetatis,
1017 1519 1099 1585 quae
1122 1518 1220 1582 supra
1240 1519 1271 1580 p.
1288 1498 1330 1578 13

253 1605 326 1671 adn.
352 1607 367 1668 1
391 1603 531 1671 breuiter
552 1603 739 1688 significaui.

339 1707 486 1774 lamuero
507 1707 695 1790 appendicis
726 1707 794 1774 ioco
826 1707 989 1788 catalogos
1018 1706 1184 1774 nonnullos
1206 1722 1332 1786 compo-

255 1811 378 1894 nam2),
409 1828 488 1894 quos
520 1810 854 1894 Byzantinorum
888 1810 1065 1877 industriae
1098 1807 1261 1888 debemus,
1295 1813 1331 1873 ut

255 1933 379 1994 munus,
409 1915 495 1998 quod
523 1933 621 1996 supra
643 1933 674 1996 p.
696 1914 717 1978 2
738 1912 936 1980 subeundum
967 1913 1116 1991 indicaui,
1145 1911 1259 1976 saltem
1281 1910 1330 1974 in·

255 2018 376 2088 cahem.

343 2191 373 2270 1)
395 2192 507 2251 Eodem
530 2197 652 2267 spectat,
675 2192 753 2272 quod
776 2187 887 2272 Papio,
918 2189 970 2270 qui
992 2189 1113 2249 nomine
1134 2187 1332 2266 Theophrasti

252 2277 395 2354 inscripto
431 2278 615 2354 temporibus
646 2277 880 2356 Byzantinorum
911 2277 1076 2348 ferebatur,
1113 2280 1233 2350 praeter
1261 2273 1334 2332 alias

252 2365 376 2424 fortuma
399 2381 446 2422 res
468 2365 640 2424 heurematn
660 2383 781 2444 quoque
813 2367 952 2438 congesta
980 2367 1082 2432 orant;
1105 2379 1174 2420 nam
1195 2359 1228 2419 in
1251 2360 1332 2434 frag-

251 2449 359 2510 mentis
380 2450 504 2520 duobus,
527 2469 603 2528 quae
624 2450 720 2510 adhuc
734 2450 798 2508 sola
811 2449 1015 2520 innotuerunt,
1038 2449 1073 2508 de
1088 2446 1219 2506 inuentis
1234 2463 1330 2504 sermo

253 2541 317 2595 est:
346 2535 381 2594 fr.
407 2538 422 2594 l
448 2535 504 2612 (ed.
528 2535 642 2596 Usener
663 2532 753 2598 Mus.
777 2531 878 2610 Rhea.
900 2533 991 2594 XXV
1017 2533 1100 2592 1870
1122 2552 1151 2608 p.
1176 2537 1236 2591 605
1253 2532 1331 2612 sqq.)

252 2623 348 2681 Corax
369 2621 571 2698 Syracusanus
600 2622 762 2681 rhetorices
790 2622 930 2679 inuentor
958 2620 1148 2695 perhibetur3
1171 2619 1208 2677 fr.
1232 2623 1250 2674 2
1272 2617 1329 2692 (ed.

253 2706 353 2766 Miller
384 2703 516 2770 Notices
545 2709 576 2770 ct
608 2705 743 2770 saboim
775 2705 830 2769 des
859 2723 945 2768 mun.
976 2703 1015 2767 de
1045 2701 1079 2766 lo
1109 2699 1178 2767 bibl.
1210 2700 1332 2765 natica

252 2791 363 2852 XXIX
387 2798 414 2850 2.
441 2796 521 2851 1880
544 2813 574 2870 p.
591 2797 661 2864 181,
682 2797 719 2852 cf.
742 2792 941 2871 Heylbutium
962 2787 1053 2853 Mus.
1069 2786 1171 2852 Rhea.
1188 2786 1333 2846 XXXIX

255 2883 337 2940 1884
352 2897 380 2954 p.
399 2880 472 2954 loa)
496 2880 532 2937 de
552 2877 719 2939 litterarum
735 2877 943 2937 incentoribus
957 2895 1051 2953 pauca
1066 2881 1232 2948 narrantur,
1255 2892 1331 2953 quas

252 2966 340 3042 plane
363 2970 532 3040 congruunt
553 2984 619 3025 cnm
642 2963 732 3026 schol.
756 2983 843 3024 anon.
860 2963 981 3038 Gregor.
1004 2962 1076 3022 Nau.
1100 2963 1146 3022 ed.
1162 2961 1256 3036 Idign.
1271 2959 1332 3018 uol.

251 3052 285 3110 H
329 3097 336 3110 .
361 3053 469 3109 12360.

308 3071 372 3212 ρ2)
395 3135 563 3196 Lobechius
577 3131 735 3217 Ayluoph.
757 3155 787 3211 p.
805 3139 864 3194 168
880 3153 910 3194 n.
926 3133 958 3191 in
972 3132 1104 3193 locorum
1119 3131 1333 3192 heurematico·

253 3242 318 3280 rum
341 3239 464 3280 recensu
484 3221 620 3280 nominat
641 3218 730 3280 etism
754 3219 983 3280 Grammaticum
1004 3218 1038 3276 in
1060 3218 1136 3277 Bibl.
1160 3217 1282 3278 Ooislin.
1304 3236 1334 3293 p.

256 3307 325 3367 597.
349 3307 597 3367 Monteialconius
619 3308 698 3366 enim
721 3305 871 3382 excerptis
893 3306 1068 3386 quibusdem
1090 3303 1123 3363 in
1138 3301 1224 3367 Bibl.
1246 3298 1341 3366 Cois-⁴

254 3391 310 3456 lin.
333 3413 362 3470 p.
387 3396 448 3451 596
463 3414 508 3473 sq.
531 3392 618 3452 oditis
645 3392 799 3468 inscripsit
828 3392 883 3464 „de
911 3391 1019 3450 artium
1051 3397 1081 3449 st
1110 3389 1333 3466 disciplinarum

253 3478 488 3540 iuuenioribus“.
511 3477 621 3538 I'amen
644 3479 816 3538 heurematn
837 3497 898 3537 non
912 3477 1101 3554 reperiuntur
1115 3476 1172 3534 uisi
1189 3477 1263 3534 haec
1277 3475 1336 3534 tria

254 3564 339 3624 initio
361 3563 474 3640 posita:
497 3555 653 3638 ,,Ἐξεῦρον
675 3557 727 3639 τὴν
748 3558 802 3637 μὲν
824 3556 1029 3640 ἀριθμητικήν
1055 3559 1205 3634 Φοίνικες,
1225 3552 1279 3634 τὴν
1302 3553 1334 3618 δὲ

255 3644 401 3726 μουσικὴν
426 3648 549 3732 Θρᾷκες,
578 3641 634 3723 τὴν
664 3644 696 3708 δὲ
728 3643 920 3727 ἀστρολογίαν
950 3645 1115 3706 Xuidaios“
1144 3645 1246 3726 (piena
1266 3663 1333 3718 nar-

254 3734 339 3809 ratio,
362 3757 400 3796 ex
422 3734 481 3815 qua
503 3737 575 3794 haec
597 3735 770 3813 deprompta
791 3743 870 3808 sunt,
891 3733 1000 3809 legitur
1022 3733 1150 3791 (itamari
1172 3730 1237 3796 An.
1253 3727 1333 3793 Par.

255 3823 298 3882 IV
321 3842 350 3900 p.
373 3825 455 3895 eal),
479 3821 585 3880 deinde
607 3829 746 3881 secuntur
767 3839 906 3893 canones,
928 3819 978 3900 qui
1002 3819 1148 3890 dicuntur,
1171 3824 1335 3895 poetarum,

256 3915 414 3981 oratorum,
452 3907 668 3978 historicorum,
707 3907 972 3982 grammaticorum,
1009 3904 1199 3978 medicorum,
1236 3903 1334 3979 philo-

256 3997 425 4072 sophorum,
449 3993 578 4076 deniquo
600 3992 721 4081 nomina
743 3992 896 4055 duodecim
919 3992 1049 4056 deorum.
1071 4045 1073 4068 ,
1104 4043 1140 4066 Η.
