3190 4882
711 431 751 440 -
795 376 906 496 61-

266 563 455 643 hominibus,
465 562 534 627 deis
544 601 582 609 —
598 564 829 631 adscribantur.
853 565 936 631 Nam
946 565 974 631 'ei
989 565 1059 646 loci,
1073 567 1189 649 quibus
1203 567 1343 656 complu-

267 668 316 732 ria
338 667 430 732 unius
451 669 548 748 atque
570 665 710 731 eiusdem
733 670 912 748 argumenti
938 670 1124 735 heuremata
1145 669 1344 757 exhibentur,

267 769 363 833 etiam
386 788 404 833 e
426 767 659 832 commentariis
673 769 812 834 deriuati
827 789 896 836 esse
917 777 1059 852 possunt,
1080 773 1136 855 qui
1157 774 1198 836 de
1212 771 1345 853 singulis

267 870 390 936 artibus
412 869 627 950 disciplinisue
649 873 818 952 conscripti
840 879 942 938 erant.
986 873 1029 937 Et
1050 874 1109 940 hoc
1125 875 1253 956 quidem
1268 873 1345 939 mihi

267 971 470 1038 uerisimilius
501 971 645 1050 uidetur,
678 974 825 1054 quoniam
858 975 889 1038 in
911 975 1066 1040 eiusmodi
1099 977 1344 1055 commentariis

267 1075 384 1155 quippe
415 1073 530 1156 quibus
558 1093 621 1139 una
650 1074 784 1140 materia
806 1079 1010 1159 tractaretur,
1042 1079 1082 1142 de
1112 1076 1286 1157 originibus
1312 1084 1345 1142 et

267 1175 486 1240 inuentoribus
509 1175 706 1257 singrdarnm
728 1195 834 1244 rerum
858 1178 955 1244 multo
977 1178 1080 1244 fusius
1101 1198 1139 1245 ac
1161 1179 1345 1261 diligentius

268 1277 426 1358 disputari
451 1283 578 1359 poterat
611 1297 707 1360 quam
740 1279 773 1343 in
805 1279 896 1345 libris
933 1306 968 1346 rr.
999 1276 1072 1368 aig,
1105 1282 1219 1362 quibus
1244 1282 1344 1347 totius

206 1397 208 1402 ·
267 1381 428 1446 hominum
451 1381 701 1463 populorumque
724 1383 812 1447 uitae
839 1384 1015 1464 primordia
1037 1383 1343 1466 describerentur1).

268 1485 371 1563 Quam
393 1483 606 1549 coniecturam
635 1483 733 1549 etiam
761 1485 892 1567 propius
922 1486 964 1552 ad
995 1486 1166 1553 8811181881
1187 1487 1345 1552 adducere

266 1587 350 1652 licet.

354 1687 554 1768 Fragmentis
569 1687 651 1752 enim
671 1687 770 1754 Iubae
791 1691 968 1776 θεατρικῆς
990 1685 1136 1774 ἱστορίας
1159 1710 1219 1757 non
1242 1709 1343 1773 panca

267 1789 475 1870 singularium
490 1789 689 1853 inuentorum
705 1789 914 1870 continentur,
934 1811 1016 1874 quae
1031 1793 1062 1858 in
1079 1793 1233 1875 catalogis
1249 1793 1344 1858 Plinii

268 1894 311 1975 (u.
327 1892 358 1957 h.
380 1891 443 1955 VII
465 1890 553 1973 204),
576 1891 747 1956 Clementis
769 1890 923 1974 (stroml
946 1895 1003 1959 16:
1027 1896 1066 1976 §§
1083 1897 1122 1960 11
1136 1913 1197 1976 sq.;
1222 1897 1265 1962 25
1280 1913 1344 1978 sq.;

267 1995 411 2074 32-413
441 1994 483 2058 46
501 1994 573 2075 sq),
603 1995 759 2076 Anonymi
792 1995 946 2076 (Cramer.
978 1999 1038 2062 An.
1062 1999 1119 2064 Ox.
1142 1999 1189 2063 IV
1219 2017 1250 2078 p.
1272 1997 1346 2077 400,

269 2097 409 2179 16-20)
432 2096 665 2177 desiderantur,
688 2115 867 2178 quanquam
882 2099 923 2163 de
938 2099 997 2165 hoc
1014 2099 1143 2180 quidem
1158 2107 1346 2181 argumento

267 2205 427 2264 -artem
450 2198 603 2263 musicam
627 2198 697 2263 dico
712 2235 754 2243 -
769 2205 802 2264 et
824 2200 902 2281 ipsis
925 2201 956 2264 in
978 2201 1029 2266 his
1043 2201 1196 2282 catalogis
1218 2202 1344 2284 copiose

268 2302 385 2382 agitur.
428 2299 552 2366 Deinde
573 2318 676 2365 nonne
705 2301 797 2382 longe
828 2303 937 2384 plures
968 2305 1008 2368 de
1030 2304 1211 2370 litterarum
1233 2307 1343 2371 inuen-

267 2404 388 2469 toribus
418 2402 591 2468 sententias
620 2403 779 2469 recensuit
807 2405 924 2471 Lucius
955 2405 1068 2471 Tarrh.
1096 2407 1129 2471 in
1158 2407 1239 2472 libro
1268 2404 1346 2493 περὶ

266 2500 464 2591 γραμμάτων
486 2506 658 2586 composito
687 2504 837 2589 (Bekker.
861 2507 918 2571 AG
939 2528 969 2589 p.
994 2509 1054 2574 781
1071 2510 1165 2592 sqq),
1194 2527 1290 2589 qnam
1311 2511 1343 2574 in

268 2608 425 2673 uniuersis
449 2601 637 2693 εὑρημάτων
658 2608 816 2674 indicibus
831 2610 1059 2690 reperiuntur?
1092 2611 1172 2677 Tum
1188 2612 1225 2689 si,
1248 2629 1343 2692 quae

267 2728 400 2793 cumque
422 2709 454 2772 in
484 2709 604 2774 cunctis
626 2710 825 2774 inuentor-um
848 2712 1000 2792 catalogis
1029 2714 1069 2777 de
1100 2714 1179 2779 artis
1200 2715 1344 2794 poeticae

267 2812 450 2878 auctoribus
480 2811 663 2892 traduntur,
693 2831 764 2876 cum
793 2813 839 2879 eis
870 2817 1114 2896 comparandis,
1146 2834 1226 2898 quae
1256 2817 1342 2898 apud

269 2915 399 2980 Suidam
412 2915 443 2994 2)
465 2915 507 2977 de
529 2917 640 2979 eadem
663 2917 797 2982 materia
816 2916 1004 2998 referuntur,
1027 2919 1242 3000 catalogorum
1264 2937 1344 2984 mes-

267 3036 332 3083 sem
356 3034 424 3081 esse
447 3013 608 3081 minimam
630 3036 805 3100 cognosces.

358 3260 386 3336 l)
409 3260 535 3336 Propter
557 3265 763 3334 argumentum
785 3260 853 3319 libri
876 3282 906 3320 π.
930 3255 992 3338 erip.
1015 3283 1074 3322 non
1104 3264 1204 3338 inepte
1228 3281 1343 3337 compa·

268 3349 372 3404 rantur
394 3363 458 3402 oum
482 3344 542 3403 illis
564 3344 712 3420 operibns,
735 3346 843 3424 quibus
864 3348 923 3406 uiri
945 3349 1024 3407 docti
1047 3354 1165 3408 nostrae
1187 3348 1343 3406 1881811818

268 3431 401 3506 gentium
421 3431 494 3503 uita,
517 3430 606 3503 cultu,
629 3431 760 3490 moribus
782 3451 870 3506 agere
892 3432 997 3492 solent.

355 3519 385 3588 2)
406 3517 512 3593 Neque
541 3516 618 3574 enim
649 3517 799 3576 adsentior
822 3519 936 3576 Daubio
964 3515 1095 3591 (Arsaci.
1112 3516 1224 3597 philol.
1247 3518 1344 3594 suppl.

266 3602 324 3661 Xl.
351 3605 440 3660 1880.
463 3621 491 3676 p.
516 3600 591 3676 481)
620 3601 798 3678 Dionysium
829 3601 897 3664 Hal.
930 3604 979 3678 (ci.
1003 3622 1091 3678 supra
1112 3624 1140 3678 p.
1166 3605 1197 3681 3)
1220 3623 1236 3662 8
1258 3603 1342 3662 libris

268 3708 298 3743 π.
322 3677 382 3762 εὕρ.
404 3687 538 3746 hausisse
560 3687 766 3760 contendenti;
798 3707 926 3766 quonam
949 3688 1041 3748 fuisse
1064 3690 1177 3749 ambitu
1198 3689 1290 3748 libros
1312 3709 1343 3748 π.

268 3763 327 3849 erip.
356 3772 503 3844 dieamus,
539 3772 563 3830 si
599 3772 739 3831 uniuersa
767 3773 898 3832 omnium
929 3774 1121 3849 peculiarium
1155 3775 1344 3833 materiarum

267 3857 439 3916 heuremata
460 3859 504 3917 818
525 3856 737 3931 comprehensa
758 3859 849 3918 181888
871 3859 1061 3933 putabimus?
1093 3863 1135 3919 nt
1164 3878 1260 3918 meum
1283 3879 1345 3919 uon

269 3949 314 4001 881
335 3945 497 4004 sententias
526 3961 626 4002 eorum
660 3945 838 4016 examinare,
870 3945 922 4025 qni
951 3947 1000 4006 hio
1021 3946 1082 4006 illie
1105 3947 1217 4004 fontem
1238 3946 1344 4006 heure·
