3184 4886
714 319 914 386 72..

275 487 371 554 hoffio
393 495 427 556 et
442 489 620 557 Schradem
635 491 693 557 sub
709 491 869 559 Midacriti
885 494 1009 559 nomine
1024 493 1125 560 latera
1141 491 1347 581 Μελικέρτην

276 591 462 660 Phoenicem
485 594 666 676 suspicatus
688 600 745 660 est
783 596 861 675 Quis
883 615 993 662 uarum
1015 597 1161 678 aperiet?
1183 637 1224 646 —-

361 697 379 776 5
414 699 453 762 12
485 699 647 778 „Arcades
683 717 734 764 res
777 699 902 766 diuinas
937 701 1031 781 primi
1075 701 1137 766 diis
1176 701 1347 766 fecerunta

275 798 375 864 Test:
407 799 495 866 Seru.
518 799 612 882 Verg.
636 801 712 867 Aen.
735 801 962 886 vl113521);
986 803 1088 870 Schol.
1111 804 1224 870 Aesch.
1243 803 1346 866 Prom.

275 902 352 982 4503
384 901 422 969 cf.
452 903 535 986 Hyg.
565 901 628 968 fab.
659 903 730 982 225,
765 906 793 969 1.
824 906 853 970 6.
898 906 945 972 De
973 907 1133 973 Arcadum
1166 925 1243 987 erga
1271 905 1347 970 deos

275 1006 395 1086 pietate
425 1006 589 1071 notissima
611 1004 649 1071 cf.
673 1005 781 1090 Polyb.
803 1007 848 1073 IV
871 1007 921 1087 20,
946 1011 973 1072 1.
996 1010 1145 1074 Fortasse
1168 1003 1347 1096 εὑρήματος

276 1108 429 1173 rationem
460 1109 492 1172 in
529 1125 568 1172 ea
597 1127 631 1173 re
661 1108 799 1191 positam
827 1110 1037 1191 existimabis,
1075 1112 1158 1191 quod
1188 1111 1347 1176 Arcadum

275 1228 353 1291 gans
384 1209 611 1290 perhibebatur
643 1211 880 1294 antiquissima:
911 1212 994 1279 Piut.
1024 1221 1145 1295 quaest.
1171 1217 1262 1280 Rom.
1287 1213 1347 1290 923

277 1313 379 1378 Schol.
403 1312 505 1394 Apoll.
521 1314 579 1377 Rh.
602 1313 648 1379 IV
670 1315 749 1393 2643
773 1313 874 1380 Schol.
890 1316 989 1400 Arist.
1005 1317 1078 1382 nub.
1095 1318 1175 1397 397;
1199 1315 1346 1381 Eustath.

275 1418 318 1480 ad
339 1416 430 1480 Dion.
454 1415 523 1481 Per.
544 1416 618 1481 414
976 1423 981 1438 '

362 1518 556 1584 Schmidtius
578 1519 716 1584 scribere
738 1521 845 1585 malit:
869 1520 1054 1606 ‚‚<Pelasgus
1077 1530 1110 1588 et
1132 1520 1269 1605 Lycaon>
1286 1521 1348 1585 Ar-

276 1623 407 1688 cades“:
431 1624 682 1688 additamentum
704 1628 809 1688 tamen
833 1624 928 1705 plane
949 1629 999 1689 est
1020 1624 1230 1707 superfluum!
1254 1661 1294 1670 -

362 1725 400 1808 ξς
418 1725 467 1790 13.
485 1726 524 1791 14
538 1724 750 1807 „Phoroneus
765 1725 873 1792 Inachi
887 1724 981 1806 filine,
997 1746 1083 1793 aram
1098 1727 1211 1792 Iunoni
1225 1728 1348 1808 primus

276 1825 361 1910 fecit,
384 1829 438 1911 qui
462 1828 501 1893 ob
524 1847 595 1893 eam
610 1845 738 1896 causam
763 1830 884 1910 primus
909 1831 1063 1912 regnandi
1078 1835 1269 1911 potestatem
1291 1830 1348 1894 ha-

276 1931 375 1997 buit.“
390 1930 453 1996 Pro
467 1932 595 2011 „aram“
609 1931 763 1996 traditum
779 1939 830 1997 est
843 1934 981 2013 ,‚arma“‚
996 1951 1078 2016 quae
1088 1934 1248 2014 scriptura
1263 1951 1348 1997 sum-

277 2055 361 2100 mam
383 2040 491 2099 mouet
512 2034 733 2115 suspicionem.
779 2037 848 2114 Quo
871 2035 953 2100 anim
969 2036 1037 2102 iure
1053 2036 1242 2111 Phoroneus,
1266 2035 1347 2101 anti·

207 2217 213 2230 ,
277 2138 446 2220 quissimus
468 2136 640 2217 hominurn,
661 2154 751 2201 arma
772 2135 947 2202 fabricatus
969 2156 1038 2204 esse
1067 2138 1272 2220 perhibeatur
1294 2136 1347 2217 (cf.

277 2238 359 2305 infra
381 2241 422 2305 ad
445 2241 463 2321 ξ
486 2241 527 2305 29
543 2240 614 2321 sq),
645 2239 777 2322 etquid
800 2240 829 2304 ei
856 2258 1021 2306 commune
1051 2242 1093 2307 sit
1122 2259 1191 2306 cum
1220 2240 1350 2306 Iunonis

277 2343 382 2419 armis,
404 2342 498 2424 plane
520 2341 686 2406 obscurum
710 2348 769 2424 est,
790 2360 827 2407 ac
850 2362 922 2409 num
945 2343 1023 2408 Iuno
1045 2344 1116 2425 plus
1136 2342 1232 2409 semel
1249 2341 1348 2408 homi·

277 2463 332 2510 nes
347 2463 435 2508 arma
451 2445 513 2509 sibi
527 2443 677 2509 fabricari
691 2444 808 2510 iussit?
829 2445 911 2512 Loco
926 2452 1043 2526 autem,
1058 2464 1149 2527 quem
1162 2452 1349 2526 tractamus,

278 2548 456 2614 simillimus
478 2554 528 2613 est
549 2546 632 2612 alius
653 2548 794 2613 eiusdem
817 2549 956 2630 corporis
979 2547 1167 2631 Hyginiani:
1199 2548 1263 2614 fab.
1287 2547 1349 2614 143

279 2651 471 2735 ‚,(iuppiter)
503 2650 665 2714 exordium
695 2651 850 2730 regnandi
878 2651 1013 2716 tradidit
1043 2651 1205 2716 Phoroneo
1234 2651 1273 2716 ob
1314 2651 1348 2714 id

281 2753 484 2834 beneficium,
522 2753 606 2834 quod
645 2753 758 2818 Iunoni
797 2770 916 2819 sacra
947 2755 1069 2835 primus
1100 2752 1205 2819 iecit.“
1257 2754 1349 2819 Unde

278 2857 418 2924 Scheiier
442 2877 501 2939 pro
522 2859 646 2939 ‚,arma“
661 2856 797 2922 correxit
810 2858 939 2938 ‚‚aram“
952 2859 992 2937 ²).
1023 2856 1084 2922 Sed
1107 2875 1214 2921 omncs
1235 2857 1349 2922 deiude

279 2962 417 3027 editores
448 2961 702 3041 interpretesque
732 2959 882 3024 traditam
913 2957 1105 3040 scripturam
1134 2958 1349 3038 obtinuerunt,

280 3061 533 3144 quandoquidem
563 3081 632 3127 eam
661 3059 829 3128 confirmat
851 3061 992 3127 Cassiod.
1015 3081 1081 3126 nar.
1105 3061 1167 3126 VII
1191 3061 1247 3126 18:
1270 3060 1350 3140 „hoc

279 3166 337 3247 (sc.
367 3181 455 3246 opus,
484 3164 504 3229 i.
527 3184 553 3229 e.
584 3166 687 3247 arma)
715 3165 852 3246 primum
882 3165 1063 3229 Phoroneus
1091 3163 1202 3228 Iunoni
1232 3164 1350 3228 dicitur

279 3267 440 3345 obtulisse,
473 3271 509 3330 ut
540 3266 704 3333 inuentum
737 3286 828 3332 suum
861 3267 997 3332 numinis
1027 3305 1068 3314 -
1092 3270 1129 3330 ut
1149 3265 1286 3346 putabat
1307 3301 1348 3310 —

279 3371 422 3452 auspicio
443 3371 668 3435 consecraret.“
704 3371 930 3435 Verumtamen
953 3387 1013 3434 non
1035 3370 1135 3435 solum
1158 3369 1189 3432 in
1212 3367 1349 3449 reipsa,

279 3528 483 3541 -.----

368 3638 395 3706 l)
417 3629 508 3706 Fugit
529 3629 578 3688 hic
593 3630 675 3688 locus
689 3629 864 3687 Bursianum
887 3649 915 3705 p.
933 3630 1004 3688 783.
1026 3629 1236 3706 Corrigendum
1253 3634 1349 3688 autam

280 3728 326 3780 ost
346 3719 377 3777 in
400 3717 494 3778 Seruii
518 3715 686 3774 narratione
707 3715 885 3790 „Pelasgus“
908 3735 961 3790 pro
984 3718 1144 3788 „Aeacns“.

368 3806 398 3883 2)
422 3803 547 3878 Recepit
567 3803 644 3860 hanc
665 3801 910 3874 emendationem,
933 3821 1099 3881 quanquam
1122 3802 1158 3860 de
1173 3805 1349 3859 commutato

281 3898 366 3952 textu
391 3891 540 3950 silentium
564 3887 632 3964 egit,
656 3886 813 3945 Kinhelius
834 3883 966 3966 Epicor.
992 3884 1049 3950 Gr.
1069 3884 1112 3966 fr.
1137 3888 1153 3945 I
1175 3905 1204 3960 p.
1228 3890 1298 3944 210.
