3190 4882
641 402 854 469 „49-

206 589 247 637 sc
272 589 406 638 conexas
427 579 502 654 post
525 573 751 654 Aegyptiorum
775 572 961 638 henremata
983 571 1037 655 (55
1060 573 1157 654 1-5)
1180 591 1200 637 a
1222 573 1292 640 (lle-

201 680 315 740 vmenta
339 692 398 738 non
430 675 626 756 imprudenti
657 676 795 741 insertas
825 691 895 740 esse
923 693 1020 758 supra
1041 694 1073 757 p.
1098 675 1138 742 18
1160 677 1291 741 demon-

207 777 321 857 strant,
344 781 377 842 et
398 782 567 858 praetcrea
588 778 672 842 duae
705 777 884 858 particulae
915 773 1111 859 dissipatae:
1143 777 1161 860 5
1184 779 1224 844 21
1248 805 1292 831 =

203 880 280 945 Tat.
310 881 392 962 511
423 887 456 946 et
487 881 570 964 §49
591 904 634 933 ==
662 879 734 946 Tat.
756 879 776 963 5
801 877 851 944 11.
894 880 1050 958 Quoniam
1080 873 1186 966 autern
1219 897 1290 944 cnm

203 982 228 1064 5
250 981 293 1047 49
314 989 385 1047 arte
407 983 555 1048 cohaeret
587 983 606 1066 5
627 983 669 1049 48
699 989 734 1048 11
763 984 930 1064 utriusque
957 980 1153 1064 paragraphi
1176 986 1292 1047 natura
1342 1055 1344 1059 v

211 1084 452 1151 similitudinem
468 1085 628 1166 quandam
643 1085 753 1167 prodit
767 1084 825 1168 (48
839 1085 880 1150 de
895 1083 1062 1150 Semirami
1076 1083 1290 1168 Assyriorum,

207 1187 252 1254 49
267 1188 307 1253 de
323 1188 442 1253 Atossa
456 1186 626 1252 Persarum
641 1187 777 1270 regina),
799 1187 818 1270 5
833 1185 876 1253 48
891 1204 952 1251 non
969 1203 1037 1252 esse
1059 1187 1290 1270 segregandam

208 1289 357 1356 arbitror.
402 1290 547 1372 Denique
568 1290 665 1355 etiarn
688 1291 707 1373 5
732 1290 773 1355 31
798 1287 953 1372 (Amycus
983 1289 1109 1355 inuenit
1138 1283 1291 1376 ἱμάντας)

200 1393 312 1458 111111]
335 1391 416 1458 fonti
445 1392 603 1472 adscribo,
633 1397 670 1457 ut
699 1409 756 1458 cae
786 1397 911 1457 tantum
934 1391 1130 1474 paragraphi
1158 1397 1291 1476 restent,

207 1515 295 1578 quae
317 1497 359 1560 ad
383 1501 486 1561 artem
509 1496 661 1562 musicam
683 1500 839 1576 spectant.

297 1599 367 1664 Hae
381 1604 489 1663 autem
501 1617 539 1663 ea
553 1600 624 1680 ipsa
639 1617 683 1677 re,
695 1599 779 1679 quod
795 1615 856 1662 non
871 1597 964 1663 modo
979 1597 1051 1679 pari
1066 1597 1291 1680 conlocatione,

213 1702 271 1766 sed
293 1701 389 1767 etiam
412 1702 483 1783 pari
505 1705 695 1782 argumento
715 1700 936 1766 consociantur
957 1705 1054 1783 atque
1075 1699 1187 1765 idoneo
1202 1705 1292 1765 cata-

215 1803 281 1886 logi
312 1803 506 1885 alphabetici
538 1802 607 1870 loco
640 1805 780 1870 insertae
813 1810 888 1868 sunt
918 1803 972 1884 (cl.
1003 1823 1035 1885 p.
1068 1803 1133 1885 18),
1164 1802 1196 1866 in
1229 1819 1291 1867 nno

207 1909 384 1988 eodemque
407 1905 511 1987 agello
533 1923 567 1970 se
590 1905 765 1971 effloruisse
786 1906 970 1970 enuntiant:
992 1905 1031 1988 55
1053 1904 1192 1970 33-41.
1225 1903 1292 1970 Nec

210 2027 288 2074 uero
310 2010 354 2073 ad
374 2009 509 2074 eundern
533 2015 696 2074 auctorem
719 2009 824 2074 redire
845 2014 952 2090 caput,
981 2008 1065 2090 quod
1088 2006 1140 2073 his
1162 2007 1202 2090 55
1223 2003 1291 2071 effi·

207 2111 306 2192 citur,
337 2115 435 2194 atque
464 2111 492 2176 B
522 2110 744 2193 corpusculum
774 2111 813 2192 ei,
850 2111 972 2192 opinor,
1002 2109 1202 2192 probabitur,
1236 2110 1291 2190 qui

206 2229 325 2280 secum·
344 2213 506 2294 reputabit
534 2214 566 2278 in
596 2213 623 2278 B
654 2213 790 2297 Olympo
819 2218 853 2278 et
875 2213 1022 2296 Marsyae
1051 2211 1114 2276 alia
1136 2211 1292 2294 quaedam

210 2316 342 2382 inuenta
363 2315 526 2398 adsignari
554 2321 651 2397 atque
681 2315 712 2380 in
745 2316 817 2397 isto,
846 2313 990 2380 conferas
1012 2315 1094 2381 eninr
1119 2314 1292 2381 Clementis

206 2417 295 2501 §12
326 2435 397 2483 curn
428 2419 467 2502 55
489 2418 628 2484 37-40.
670 2415 910 2498 Paragraphum
941 2433 1017 2482 nero
1047 2417 1100 2497 26,
1130 2435 1225 2499 quam
1259 2422 1293 2482 et

210 2522 312 2604 ipsam
327 2520 390 2586 huc
404 2529 550 2602 spectare
564 2519 657 2586 facile
672 2520 881 2600 cognoscitur,
896 2538 916 2583 a
931 2517 1092 2585 Clemente
1107 2528 1290 2602 separatam

206 2629 242 2688 et
263 2622 415 2706 peculiari
438 2623 506 2690 loco
528 2623 666 2706 positam
690 2641 759 2688 esse
782 2622 868 2687 haud
899 2621 946 2686 ita
967 2621 1080 2686 mirum
1104 2628 1163 2689 est.
1208 2621 1290 2687 Nam

206 2726 354 2791 ordinem
376 2724 473 2790 fontis
488 2731 613 2790 mutare
628 2725 868 2807 compilatorum
892 2730 944 2790 est
965 2743 1027 2790 non
1042 2724 1144 2789 solum
1160 2742 1291 2790 consue-

210 2828 301 2909 tudo,
326 2829 383 2893 sed
407 2828 504 2894 etiam
526 2828 678 2893 studium.
723 2827 951 2908 Indagauimus
973 2827 1072 2907 igitur
1093 2827 1124 2891 in
1149 2825 1291 2892 Clemen-

207 2929 278 2995 tino
307 2930 453 3012 catalogo
483 2930 614 3020 tertium
645 2929 877 3011 corpusculum,
906 2930 990 3012 quod
1022 2927 1047 2994 C
1076 2927 1186 2993 littera
1214 2929 1291 2994 insi·

208 3051 367 3113 gnramus.

211 3197 406 3284 yscopetplnv'
438 3233 481 3255 =
511 3204 614 3283 Tat5
649 3207 665 3265 'l
697 3231 740 3256 =
769 3204 856 3278 Greg.
880 3203 969 3282 516.
1015 3203 1100 3266 Quod
1131 3197 1193 3281 εὕρ,
1226 3225 1291 3264 curn

201 3290 359 3351 ‘artissime
382 3293 539 3351 cohaereat
561 3311 627 3350 cunr
651 3288 687 3370 55
708 3293 787 3348 1-4
803 3288 982 3366 alphabetici
1006 3289 1141 3364 catalogi,
1163 3290 1195 3348 in
1210 3297 1292 3349 utro·

214 3395 273 3456 que
295 3375 457 3436 Clementis
478 3380 562 3436 fonte
585 3375 625 3453 (A
641 3385 671 3436 et
687 3375 722 3453 B)
746 3386 897 3435 narratum
918 3375 1011 3434 fnisse
1032 3376 1161 3436 uidetur.
1180 3409 1221 3419 -
1243 3376 1291 3434 Ad

209 3481 302 3542 quem
331 3481 403 3522 uero
432 3464 545 3522 fontem
576 3463 807 3522 additamentum
838 3463 873 3520 ad
896 3459 913 3541 5
938 3465 952 3520 l
978 3460 1125 3521 adiectum
1147 3479 1293 3535 11111111,

209 3548 340 3619 1111111ο;
363 3548 472 3624 legitur
495 3548 573 3606 enim
597 3545 614 3626 5
640 3551 654 3606 l
687 3543 871 3626 ,Αἰγύπτιοι
893 3581 934 3590 -
957 3538 1158 3624 ἀστρολογίαν,
1180 3537 1292 3621 ὁμοίως

211 3627 243 3690 δὲ
263 3628 314 3692 aab
332 3631 515 3694 Xatlator‘a
537 3634 663 3694 domasse
685 3633 822 3692 Clemens
844 3635 909 3710 ipsc
930 3633 987 3692 hoc
1002 3632 1093 3690 finxit
1107 3651 1146 3690 ex
1169 3651 1203 3691 ea
1223 3650 1291 3690 nar-

209 3718 344 3792 ratione,
375 3739 463 3798 quam
493 3719 606 3794 legerat
634 3719 667 3776 in
697 3720 721 3776 Β
751 3721 854 3778 fontes
885 3718 951 3778 Tot.
980 3715 997 3796 5
1028 3721 1045 3775 b
1076 3708 1292 3793 »ἀστρονομεῖν

212 3797 419 3880 Βαβυλώνιοι“
441 3831 484 3854 =
507 3803 594 3879 Grag.
618 3802 634 3883 5
660 3807 714 3875 15;
744 3823 805 3864 non
828 3804 893 3864 sine
922 3822 1011 3862 cansa
1033 3803 1113 3860 enim
1136 3802 1235 3862 omisit
1257 3795 1290 3859 τὸ

206 3880 411 3967 ἀστρονομεῖν,
440 3889 510 3970 quia
540 3887 557 3969 5
582 3891 597 3948 1
628 3887 821 3969 ἀστρολογίαν
851 3895 882 3948 11
912 3886 928 3967 5
953 3894 971 3946 6
1001 3879 1055 3963 τὴν
1082 3880 1126 3945 δι’
1160 3880 1293 3966 ἀστέρων

207 3970 379 4054 πρόγνωσιν
402 3976 587 4035 exhibuerat.
