3184 4886
617 923 832 1044 Scriptoris
862 897 961 1017 uita.

340 1128 442 1195 Iulius
458 1130 601 1195 Andreas
615 1128 1099 1196 MartinusKremmerin
1116 1129 1186 1196 uico
1201 1129 1334 1196 Porciar

253 1233 353 1298 prope
375 1215 582 1297 Tranqucbar
603 1216 752 1281 Indorum
775 1215 927 1298 oppidum
950 1216 1012 1280 sito
1034 1223 1220 1282 natussum
1243 1234 1271 1281 a.
1298 1217 1330 1282 h.

254 1318 279 1367 s.
302 1300 407 1366 LXIV
429 1307 523 1383 patre
545 1301 657 1367 Oarolo
687 1300 856 1382 Friderico,
888 1301 942 1384 qui
970 1301 1012 1367 ad
1042 1303 1125 1367 diem
1147 1319 1332 1384 supremum

253 1387 438 1452 'ramalibus
460 1389 502 1452 ad
518 1387 638 1454 Christi
659 1405 798 1452 amorem
820 1385 1025 1453 conciliandis
1041 1406 1170 1469 operam
1188 1388 1332 1469 sanauit,

253 1478 357 1539 matre
381 1471 548 1539 Gharlotta
569 1492 586 1537 e
609 1480 702 1552 gente
723 1473 842 1554 Rauen,
874 1491 969 1554 quam
995 1474 1101 1539 adhuc
1122 1474 1332 1555 superstitem

252 1559 385 1639 gaudeo.
421 1559 531 1623 Fidem
553 1557 704 1641 profiteor
726 1558 952 1640 euangelicam.
984 1559 1121 1624 Puerum
1137 1565 1257 1640 septem
1273 1577 1333 1624 an·

253 1662 375 1724 norum,
399 1650 435 1708 ut
457 1651 490 1710 et
512 1644 715 1724 pestilentem
730 1662 835 1710 aerem
851 1644 936 1709 illius
951 1646 1090 1727 regionis
1112 1645 1250 1711 uiolento
1264 1644 1332 1710 sole

254 1735 360 1796 tostae
383 1729 551 1810 effugerem
575 1734 607 1794 et
631 1731 753 1812 optima
775 1731 920 1796 doctrina
942 1729 1074 1810 fruerer,
1105 1738 1257 1813 parentes
1279 1749 1332 1796 me

253 1835 270 1882 e
293 1834 352 1880 sua
366 1815 469 1881 tutela
485 1817 517 1881 in
532 1817 673 1899 patriam
689 1817 852 1902 miserunt.
885 1817 922 1880 In
938 1817 1112 1899 gymnasiis
1130 1815 1334 1898 Gottingensi

252 1907 285 1968 ct
307 1901 544 1982 Osnahrugensi
566 1902 683 1967 litteris
706 1902 847 1967 imbutus
871 1909 903 1966 et
926 1904 1124 1969 maturitatis
1146 1903 1331 1968 testimonio

252 1989 428 2054 instructus
458 1994 630 2053 anctumno
661 1987 734 2052 anni
766 1987 931 2052 LXXXIII
953 1988 1096 2071 Lipsiam
1129 2008 1178 2054 me
1200 1987 1331 2066 contuli,

254 2080 289 2138 ut
318 2074 351 2138 in
382 2092 549 2139 numerum
581 2073 697 2139 ciuium
727 2074 980 2139 academicorum
1003 2075 1148 2140 adscitus
1170 2074 1333 2157 stipendia

252 2177 415 2224 mererem.
446 2159 560 2224 Militis
582 2157 684 2225 officio
700 2159 845 2224 absoluto
860 2160 976 2225 almam
993 2166 1127 2226 matrem
1144 2159 1334 2239 Gottingen·

255 2263 320 2311 scm
344 2245 419 2325 adii,
451 2251 488 2310 nt
509 2243 710 2325 philologieis
731 2245 848 2310 studiis
872 2263 922 2310 me
943 2245 1108 2325 dederem;
1141 2246 1251 2311 audiui
1273 2264 1333 2326 per

255 2349 370 2396 annum
394 2330 479 2396 uiros
501 2331 703 2397 doctissimos
726 2332 901 2410 Baumann,
928 2330 1069 2412 Bechtel,
1100 2331 1220 2415 Heyne,
1246 2330 1332 2396 Kiel-

254 2417 344 2498 horn,
376 2415 511 2499 Sauppe,
541 2417 746 2492 Schmarsorr,
769 2417 819 2504 ¹de
844 2416 1052 2482 Wilamowitz
1084 2423 1117 2482 et
1138 2416 1257 2482 sodalis
1283 2414 1332 2482 lui

254 2502 476 2584 proseminarii
509 2501 690 2584 philologici
720 2501 960 2568 Wilamowitzio
999 2504 1156 2584 praeside.
1211 2502 1335 2567 Deinde

255 2588 396 2653 Berolini
418 2607 477 2669 per
498 2607 554 2653 sex
569 2607 693 2654 menses
708 2587 832 2654 scholas
846 2585 1045 2672 frequentani
1061 2590 1202 2654 uirorum
1224 2588 1334 2654 claris-

255 2675 406 2741 simorum
444 2673 585 2757 Curtius,
621 2673 797 2752 Kirchhoff,
829 2673 946 2755 MaasS,
980 2675 1092 2742 Weiss.
1143 2674 1225 2740 Vere
1258 2674 1335 2760 anni

255 2759 420 2825 LXXXVI
435 2759 576 2842 Lipsiam
599 2778 761 2825 reuersum
778 2760 954 2826 docuerunt
975 2778 1027 2826 me
1042 2761 1103 2825 uiri
1125 2760 1334 2826 illustrissimi

254 2845 411 2926 Hanssen,
440 2844 596 2912 Rndollns
618 2845 788 2925 Hofmann,
819 2846 957 2927 Lipsius,
987 2846 1158 2926 Luthardt,
1181 2845 1334 2924 Ribbeck,

256 2931 396 3008 Richter,
428 2932 549 3011 Rohde,
574 2931 793 3013 Wachsmnth,
816 2931 943 3012 Wundt,
973 2931 1154 2998 Fridericus
1182 2932 1332 2997 Zarncke.

254 3017 478 3083 Proseminarii
501 3017 733 3099 philologornm
764 3015 810 3080 lui
839 3016 973 3097 sodaliS,
1007 3017 1169 3084 seminarii
1190 3017 1329 3100 primum

253 3103 356 3168 socius
370 3103 649 3182 extraordinarius,
672 3103 786 3170 deinde
800 3122 858 3186 per
873 3105 937 3170 tria
952 3105 1118 3169 semestris
1133 3103 1330 3183 ordinarium

252 3189 531 3255 exercitationibus
552 3189 753 3270 philologieis
775 3195 812 3254 ut
834 3190 1031 3272 interessem,
1056 3189 1190 3270 benigne
1205 3207 1331 3255 conces·

252 3281 362 3340 serunt
384 3274 523 3356 Lipsius,
547 3274 698 3352 Ribbeck,
725 3275 949 3354 Wachsmnth;
983 3275 1200 3358 paedagogico
1222 3281 1330 3341 autem

253 3361 421 3426 seminario
443 3353 586 3426 Richteri
608 3368 758 3443 quartum
789 3361 872 3426 hunc
903 3380 1019 3425 annum
1049 3363 1229 3442 adscriptus
1260 3379 1331 3426 sum

256 3446 384 3514 sodalis.
407 3445 530 3523 Quibus
553 3446 630 3511 uiris
652 3466 722 3512 cum
739 3447 883 3512 omnibus
904 3452 971 3511 tum
988 3447 1098 3514 Curtio
1113 3446 1332 3524 Wachsmnth,

252 3532 307 3615 qui
330 3533 361 3597 in
384 3533 495 3615 primis
527 3531 632 3597 fautor
663 3533 840 3598 studiorum
871 3550 1011 3597 meorum
1043 3533 1177 3611 exstitit,
1207 3532 1331 3614 gratias

252 3636 379 3700 semper
400 3618 525 3684 habebo
547 3637 643 3700 quam
665 3619 826 3684 maximas.
904 3702 907 3707 Ι

693 3931 876 3940 μ.
