3190 4882
667 373 875 437 ..27-

235 540 307 606 cuia
338 561 358 606 a
392 541 563 607 Clementis
596 542 778 608 narratione
811 561 883 608 cum
913 542 1019 607 uerbis
1052 546 1085 606 et
1124 542 1249 606 omissis
1280 549 1313 608 et

237 643 384 722 mutatis,
416 650 484 709 tum
515 644 627 710 ordine
657 644 818 711 abhorret.
863 645 979 710 Iisdem
1012 663 1088 708 uero
1119 645 1213 710 rebus
1243 663 1313 709 cum

237 746 497 812 Theodoreti
510 748 541 829 ¹)
563 747 705 830 epitoma
727 746 780 826 (ci.
803 746 886 812 inira
908 766 938 829 p.
963 747 1004 811 59
1019 751 1101 829 sqq.)
1143 747 1314 828 conspirat.

238 851 340 915 Unum
365 855 471 913 tamen
495 848 634 914 offendit.
680 847 798 914 Suidae
812 850 904 914 enim
928 843 1046 929 „aaa
1067 845 1123 912 καὶ
1149 842 1316 912 Φοινίκεια

237 945 441 1036 ἐκλήθησαν
473 951 573 1016 uerba
603 953 690 1032 apud
720 953 952 1018 Theodoretum
977 953 1211 1032 desiderantur,
1243 971 1313 1017 cum

236 1055 321 1134 apud
346 1053 540 1120 Clementem
562 1055 705 1135 legatur:
738 1049 838 1137 „fider
868 1053 925 1119 καὶ
952 1051 1124 1140 Φοινικήια
1147 1053 1189 1118 τὰ
1210 1050 1313 1142 γράμ-

240 1178 328 1236 ματα
345 1150 524 1239 Ἡρόδοτος
545 1155 725 1243 κεκλῆσθαι
747 1153 895 1242 γράφεις
927 1158 973 1222 ita
996 1163 1033 1222 nt
1054 1159 1200 1238 quamuis
1222 1157 1317 1222 inuiti

240 1260 281 1321 ad
307 1257 498 1324 Clementem
522 1260 596 1324 reici
620 1261 795 1326 uideamur.
840 1260 906 1326 Nec
934 1279 1009 1325 uero
1030 1260 1196 1341 quisquam
1219 1257 1315 1324 infiti-

237 1359 344 1424 abitur
366 1360 424 1426 hoc
447 1360 563 1426 Suidae
593 1363 813 1428 additamento
843 1362 919 1428 nihil
950 1361 1104 1428 contineri
1137 1363 1197 1426 nisi
1220 1363 1316 1427 notis-

239 1463 350 1527 simam
389 1482 474 1541 rem‚
512 1483 606 1545 quam
645 1465 737 1530 homo
769 1465 864 1530 etiam
900 1465 1101 1530 mediocriter
1136 1465 1166 1530 in
1200 1463 1317 1530 litteris

237 1573 383 1632 uersatus
416 1587 433 1631 e
468 1567 575 1632 multis
607 1566 748 1633 tontibus
779 1569 944 1633 desumere
978 1569 1121 1647 potuerit
1155 1573 1188 1632 et
1221 1585 1314 1648 quam

238 1667 324 1734 locus
363 1670 413 1733 nel
450 1688 580 1750 poscere
613 1669 769 1736 uideatur.
794 1743 795 1746 Ἴ
824 1672 938 1752 Itaque
970 1670 1099 1736 Suidam
1139 1665 1315 1754 γράμματα

238 1771 405 1838 lemmatos
426 1772 679 1853 explanationem
710 1792 727 1837 e
749 1773 941 1838 Theodoreti
962 1775 1205 1858 θεραπευτικῇς
1234 1772 1315 1836 lihro

240 1875 384 1939 hausisse
406 1882 440 1938 et
462 1875 512 1954 iis,
543 1875 720 1958 dequibus
752 1877 845 1940 modo
877 1877 938 1956 egi,
970 1875 1076 1939 uerbis
1106 1877 1209 1956 ipsum
1234 1874 1318 1937 locu-

236 1977 410 2058 pletauisse
432 1978 639 2059 suspicamur,
661 1979 851 2060 praesertim
876 1997 947 2044 cum
964 1978 1207 2059 lexicographus
1223 1976 1318 2040 huius

239 2079 336 2144 lihros
358 2081 542 2162 saepissime
564 2081 597 2143 in
620 2098 713 2146 usum
735 2081 938 2147 conuerterit.
984 2081 1212 2162 Bernhardyus
1233 2076 1316 2142 enim

237 2181 270 2246 in
292 2182 396 2248 indice
419 2190 581 2248 auctorum
604 2202 625 2247 a
647 2183 746 2249 Suida
768 2185 982 2249 adhibitorum
1008 2183 1071 2250 150
1086 2184 1212 2247 circiter
1233 2181 1318 2246 locos

239 2286 402 2366 indicauit,
431 2304 510 2366 quos
540 2286 593 2352 ille
622 2307 643 2362 e¹
662 2287 853 2352 Theodoreti
875 2287 1025 2368 operibus
1047 2285 1222 2364 delibauit;
1254 2300 1317 2365 quo

239 2387 270 2450 in
301 2407 430 2454 numero
459 2391 522 2454 duo
554 2391 765 2472 reperiuntur,
798 2389 852 2471 qui
884 2391 993 2454 eodem
1018 2407 1056 2454 ex
1078 2388 1317 2472 θερααανιικῆς

191 2507 193 2514 ’
239 2489 320 2553 libro
343 2492 545 2573 transscripti
566 2497 658 2557 sunt:
681 2492 767 2556 Suid.
783 2510 808 2556 s.
832 2487 1093 2575 Σαρδανάπαλος
1114 2499 1146 2556 et
1169 2510 1192 2556 s.
1210 2494 1313 2552 Σατα-

239 2594 296 2667 νᾶς
318 2611 356 2657 ex
371 2592 488 2657 Theod.
504 2597 626 2679 θερανι.
641 2595 702 2659 XII
717 2595 760 2660 94
774 2601 807 2658 et
822 2594 871 2658 111
888 2594 951 2658 100
965 2613 1011 2675 sq.
1023 2594 1063 2676 ²).
1091 2592 1313 2672 Ablegandum

240 2712 314 2775 ergo
337 2700 387 2758 est
409 2695 568 2778 Suidae³)
592 2697 806 2762 testimonium
829 2715 886 2778 per
902 2695 1134 2762 Theodoretum
1158 2696 1200 2759 ad
1215 2694 1316 2774 ipsius

240 2796 411 2864 Clementis
436 2789 669 2865 auctoritatem.

330 2989 359 3066 l)
381 2991 560 3050 Theodoreti
576 2992 734 3067 epitomem
757 2999 911 3067 praeterea
932 2990 1134 3065 transscripsit
1149 2987 1318 3065 grammati·

242 3097 293 3136 cus
308 3075 407 3136 nescio
423 3077 490 3156 quis
513 3077 543 3134 in
567 3077 695 3136 Crameri
718 3080 777 3136 An.
794 3078 892 3136 Oxon.
914 3077 957 3134 IV
980 3096 1009 3151 p.
1026 3082 1096 3148 241,
1124 3075 1244 3133 14-17
1270 3075 1318 3152 (ci.

240 3165 319 3220 inira
341 3181 405 3237 cap.
430 3163 530 3239 vm).

328 3248 360 3324 2)
383 3249 481 3307 Etiam
503 3249 550 3307 his
572 3249 644 3308 locis
666 3248 770 3307 Suidas
792 3247 917 3323 paucula
932 3247 1075 3327 quaedam
1098 3246 1221 3321 addidit,
1243 3264 1319 3324 quae

241 3335 273 3392 in
296 3333 474 3392 Theodoroti
498 3335 648 3393 codicibus
669 3336 783 3392 desunt.

331 3421 362 3494 3)
385 3421 510 3480 Iacobus
542 3421 578 3478 de
600 3421 701 3479 Rhoer
730 3421 766 3477 ad
790 3420 938 3495 Porphyr.
961 3419 997 3476 de
1023 3419 1130 3478 abstin.
1153 3418 1205 3476 111
1231 3421 1265 3475 15
1291 3437 1318 3492 p.

149 3533 152 3536 ·
244 3510 305 3564 249
340 3505 399 3581 (ed.
422 3525 447 3564 a.
474 3507 568 3584 1767)
598 3505 717 3564 Suidam
740 3525 762 3564 s.
785 3525 813 3562 n.
837 3490 926 3573 Ἀπις
957 3505 1124 3581 respexisse
1154 3509 1240 3580 putat
1262 3506 1320 3560 As-

243 3591 337 3668 schyli
361 3592 456 3667 suppl.
474 3596 534 3649 262
558 3592 698 3670 additque
723 3591 926 3668 „Aegyptium
949 3590 1103 3668 (Apidem)
1125 3610 1189 3648 cum
1207 3587 1320 3661 Argiuo

243 3697 332 3753 saepe
366 3678 505 3736 confundi
537 3684 654 3736 constat
683 3677 762 3735 inter
792 3681 921 3735 omnes“.
966 3675 1061 3738 (luem
1093 3674 1186 3733 secuti
1212 3673 1320 3732 Snidae

244 3764 373 3822 editores
402 3763 542 3822 lectorem
572 3769 714 3820 reuocant
744 3763 779 3820 ad
813 3761 955 3838 Aeschyli
978 3761 996 3819 1.
1018 3761 1036 3818 l.
1082 3762 1125 3819 At
1145 3757 1319 3819 falsissime!

243 3850 390 3928 quomodo
422 3849 500 3907 enim
531 3848 680 3906 suincitur
710 3847 817 3906 fluidae
846 3846 1114 3922 neglegentia
1137 3843 1319 3922 Aegyptium

244 3934 370 4009 Apidem
392 3932 584 3992 substitutum
615 3951 678 3991 esse
708 3953 763 4009 pro
787 3931 951 4008 Aeschyleo
979 3931 1040 4003 illo,
1073 3930 1124 4010 qui
1146 3923 1265 4003 „taeda
1287 3926 1321 3988 ἐκ
