3190 4882
761 385 974 453 ,50-

421 555 558 621 Transeo
573 556 615 621 ad
638 556 906 636 Gregorinm,
928 556 1018 622 cuius
1040 562 1161 638 quanta
1176 556 1319 640 catalogi
1341 577 1417 640 pars

336 657 428 723 adB
459 656 579 724 fontem
611 658 782 740 releganda
813 659 872 732 sit,
902 659 1081 725 diiudicatu
1112 659 1334 727 difficillimum
1357 668 1415 727 est.

335 759 451 825 Tamen
481 765 612 842 praeter
633 760 672 844 ἕξ
695 760 715 826 9
747 766 781 826 et
804 761 931 827 13-19
961 762 1030 828 sine
1060 762 1128 827 ulla
1149 763 1365 829 haesitatione
1386 763 1416 829 ei

333 862 447 928 addico
469 863 488 944 ξ
512 863 528 926 1
553 861 607 944 (cf.
629 863 700 928 Tat
722 863 741 944 ξ
763 865 794 941 8,
816 861 913 928 Clem.
936 864 956 947 ξ
980 864 1044 946 13),
1075 884 1170 948 quam
1203 866 1334 948 quidem
1358 884 1417 932 sun

335 964 478 1030 admixta
502 963 649 1030 doctrina
670 964 837 1046 theologus
859 967 957 1032 auxit
1001 966 1114 1050 Neque
1129 967 1194 1034 ulla
1216 985 1315 1033 causa
1330 969 1415 1058 cogi-

334 1087 406 1134 mur
429 1068 470 1132 ab
493 1066 603 1132 eodem
626 1067 813 1149 corpusculo
845 1073 970 1134 ceteras
999 1070 1175 1151 particulas
1197 1071 1250 1154 (ἕξ
1273 1073 1359 1139 2-8
1382 1077 1417 1139 et

336 1171 477 1252 10—12)
498 1169 695 1252 segregare
721 1169 809 1246 Quae
831 1170 858 1235 si
880 1172 985 1238 omnia
1007 1190 1130 1237 mecum
1153 1172 1273 1239 inciens
1297 1174 1323 1237 B
1345 1193 1415 1240 cor,-

334 1272 475 1356 puerulo
489 1272 691 1352 concesseris,
713 1271 879 1356 intelleges
908 1275 1105 1356 scriptorem,
1136 1295 1229 1358 quem
1261 1275 1415 1344 Tatianus

334 1383 368 1441 et
390 1375 535 1442 Clemens
557 1374 793 1458 consuluerunt,
810 1394 1009 1459 nequequam
1024 1376 1124 1444 fuisse
1138 1377 1297 1444 hominem
1314 1379 1414 1447 Grae·

334 1480 380 1546 cis
410 1478 583 1559 inimicum,
611 1479 670 1542 sed
700 1479 779 1544 istos
802 1479 908 1560 potius
939 1498 977 1544 ea
1006 1487 1131 1546 tantum
1163 1480 1307 1566 elegisse,
1329 1501 1411 1565 quae

334 1580 466 1649 consilio
488 1599 595 1644 eorum
618 1580 815 1646 inseruirent

421 1682 481 1748 His
510 1683 685 1749 rationibus
715 1684 881 1750 subductis
914 1683 1107 1751 Clementem
1137 1685 1241 1751 tribus
1273 1687 1413 1754 fontibus

212 1858 215 1863 ,
331 1803 424 1851 usum
447 1803 519 1851 esse
541 1785 666 1850 elucere
681 1787 839 1865 existimo,
861 1806 900 1852 ex
918 1788 1034 1870 quibus
1050 1787 1077 1853 B
1093 1789 1316 1870 corpusculum
1339 1795 1415 1856 ante

333 1907 450 1953 annum
483 1907 513 1969 p.
537 1887 609 1954 Chr.
635 1887 697 1955 166
729 1890 939 1972 compositum
971 1925 1014 1938 -
1043 1909 1116 1955 nam
1147 1890 1206 1956 hoo
1236 1891 1305 1958 iere
1333 1912 1413 1958 auno

334 1991 463 2057 Tatiani
485 1990 587 2057 oratio
609 1992 730 2072 scripta
752 2009 821 2057 esse
842 1993 972 2058 uidetur
1005 2030 1047 2039 -
1080 2011 1179 2074 usque
1211 1996 1253 2060 ad
1276 1994 1412 2061 alteram

333 2094 452 2160 saeculi
483 2095 589 2176 quarti
621 2100 747 2174 partem
782 2094 921 2160 durauit.
965 2099 1071 2178 Atque
1103 2099 1133 2162 A
1164 2104 1198 2162 et
1228 2098 1254 2161 Β
1285 2097 1413 2180 quidem

334 2196 497 2277 catalogos
519 2215 537 2260 e
559 2195 650 2261 libris
673 2195 897 2264 heurematicia
928 2199 1108 2264 manauisee
1140 2218 1239 2280 supra
1260 2219 1291 2282 p.
1318 2201 1358 2266 16
1380 2207 1414 2265 et

333 2298 454 2382 20sqq.
478 2299 712 2364 demonstrasse
738 2299 816 2364 mihi
843 2299 970 2379 uideor;
993 2299 1074 2366 dec
1095 2302 1281 2383 corpusculo
1305 2307 1412 2368 autem

333 2400 474 2466 dubitari
496 2404 614 2482 potest,
636 2400 711 2482 quia
733 2402 848 2484 omnia,
879 2421 961 2485 quae
992 2403 1021 2467 ei
1043 2402 1202 2483 dedimus,
1225 2405 1415 2472 heuremata

334 2505 376 2568 ad
398 2504 551 2569 musicam
575 2508 677 2569 artem
700 2522 795 2568 unam
818 2508 974 2585 spectant

775 2745 977 2753 ——-——

702 2949 825 3043 Caput
851 2957 1045 3042 quartum.

418 3135 526 3200 Redeo
548 3153 631 3200 nunc
660 3136 702 3201 ad
733 3134 960 3202 Clementis
993 3135 1191 3202 stromatum
1219 3137 1294 3204 libri
1317 3139 1411 3220 primi

333 3240 431 3317 caput
459 3237 553 3319 XVI,
588 3237 677 3303 ouius
707 3239 747 3302 de
778 3237 881 3303 altera
902 3245 996 3320 parte
1025 3243 1063 3303 ut
1092 3256 1225 3319 agamus
1254 3246 1410 3324 superest.

333 3338 425 3403 Hanc
447 3339 573 3420 quidem
604 3339 834 3406 Brusslrernius
863 3348 896 3406 et
924 3340 1142 3406 Eiohholtzius
1172 3343 1298 3408 omnino
1319 3363 1411 3426 prae·

333 3441 491 3506 terierunt
534 3459 571 3505 an
608 3442 800 3507 uetustiores
833 3461 958 3526 quoque
989 3444 1127 3508 editores
1159 3445 1411 3528 interpretesque

331 3543 417 3610 locos
440 3544 672 3610 heurematicos
687 3552 910 3626 componentes
924 3545 1024 3610 solam
1047 3547 1185 3627 priorem
1209 3549 1324 3629 capitis
1339 3567 1411 3630 par-

332 3651 398 3712 tem
420 3647 665 3714 adnotauerunt.
710 3647 941 3731 Disiunguutur
971 3649 1054 3712 enim
1085 3650 1197 3715 ambae
1219 3657 1328 3731 partes
1349 3668 1410 3714 non

332 3750 427 3816 modo
450 3757 617 3815 auctorum
641 3749 753 3830 indice,
777 3751 817 3815 de
839 3769 901 3833 quo
924 3769 1022 3831 supra
1038 3751 1213 3832 disputaui,
1236 3753 1291 3816 sed
1314 3753 1410 3817 etiam

332 3853 460 3933 copiosa
491 3852 686 3934 digressione
726 3853 873 3933 quadam.
930 3853 1053 3919 Deinde
1084 3853 1247 3920 consilium
1280 3854 1412 3920 alterius

331 3955 434 4034 partis
457 3953 620 4020 diuersum
644 3961 694 4020 eet
715 3973 735 4020 a
756 3955 872 4036 priore.
916 3955 1061 4038 Namque
1090 3957 1239 4037 quoniam
1261 3961 1412 4039 priorea
