3190 4882
713 397 927 462 ..34-

280 570 352 648 148,
368 570 397 634 7.
441 568 554 650 Itaque
575 585 615 635 ne
637 568 668 633 in
692 569 710 650 ᾗ
725 569 767 633 27
790 567 918 650 quidem
933 565 1116 634 Dindonius
1132 569 1212 633 duos
1227 566 1358 633 Eusebii

278 671 403 740 codices
433 670 594 738 Parisinos
621 678 750 736 secutus
778 664 841 757 χοὶρ
879 670 910 736 in
944 668 981 736 δέ
1009 669 1200 752 particulam
1232 672 1361 736 mutare

279 773 401 840 debuit.
442 771 584 840 Eandem
608 772 727 838 habent
750 773 815 838 uim
830 771 926 839 etiam
941 772 1120 855 particulae
1142 763 1182 836 αὗ
1204 771 1257 856 (55
1279 775 1310 840 2.
1326 775 1359 841 ὅ.

280 877 345 959 16),
372 870 423 941 ἔτι
445 875 478 958 (ξ
500 876 567 959 21),
603 869 662 963 ἤδη
685 873 800 940 δὲκαὶ
822 876 855 958 (ξ
878 876 945 959 25),
972 867 1056 940 ἀλλὰ
1078 871 1136 940 καί
1157 876 1191 958 (ξ
1213 876 1287 959 29);
1316 878 1362 942 de·

279 978 351 1044 aliis
373 978 566 1061 quibusdum
588 977 858 1046 coniunctionibus
879 997 978 1059 supra
999 980 1049 1060 egi
1072 998 1102 1060 p.
1125 980 1168 1044 22
1183 997 1229 1062 sq.
1252 1015 1294 1028 -

365 1083 384 1164 ξ
407 1082 451 1146 24
471 1081 607 1163 „(idem)
621 1077 677 1145 καὶ
690 1077 837 1165 μέταλλα
849 1082 969 1168 χρυσοῦ
983 1078 1025 1146 σοὶ
1040 1079 1119 1167 περὶ
1133 1078 1172 1147 τὸ
1188 1076 1362 1166 Πάγγαιον

281 1179 455 1270 ἐπενόησεν
478 1178 583 1270 ὅρος).
624 1183 713 1250 Idem
736 1204 787 1266 ap.
812 1183 892 1250 Plin.
915 1203 944 1250 n.
968 1184 997 1250 h.
1021 1184 1083 1252 VH
1108 1186 1167 1251 197
1192 1185 1231 1250 cl.
1254 1186 1360 1254 sorau

279 1287 355 1356 XIV
377 1287 407 1368 5,
430 1287 472 1356 28
503 1286 543 1354 cl.
573 1286 716 1369 Apollod.
747 1287 821 1354 bibl.
843 1287 892 1354 Ill
916 1291 945 1366 1,
969 1289 999 1367 1,
1030 1289 1049 1354 8
1072 1296 1106 1354 et
1136 1287 1286 1354 Eustath.
1315 1289 1363 1356 ad

281 1389 374 1456 Dion.
396 1389 466 1456 Per.
488 1388 561 1456 391.
585 1425 627 1436 —-

369 1493 388 1575 ξ
405 1491 448 1558 25
463 1486 541 1578 ,ἤδη
557 1489 660 1556 δὲκαὶ
672 1487 754 1556 litto
769 1487 869 1569 ἔθνος
879 1488 1112 1570 Καππάδοκες
1126 1498 1252 1579 πρῶτοι
1268 1487 1365 1583 εὗρον

281 1593 339 1660 τὸν
362 1588 485 1676 νάβλαν
505 1589 733 1677 καλούμενον.“
765 1595 958 1661 Testimonia
982 1597 1106 1664 desunt.
1151 1597 1257 1664 Strab.
1279 1599 1309 1664 X
1330 1600 1361 1676 3,

284 1700 324 1764 17
348 1697 475 1763 nablam
497 1697 580 1762 inter
595 1698 733 1763 barbara
747 1697 958 1765 instrumento
973 1699 1093 1764 musica
1116 1701 1220 1782 ponit;
1243 1700 1360 1766 Athen.

283 1801 328 1868 IV
353 1820 384 1882 p.
410 1801 471 1868 175
500 1805 608 1866 autern
638 1808 770 1883 propter
801 1800 929 1882 Sopatri
952 1801 1073 1868 dictum
1104 1804 1265 1885 quoddam
1292 1805 1366 1870 eius

284 1904 497 1971 incentionem
520 1903 562 1969 ad
585 1902 759 1968 Phoenices
782 1901 893 1969 defert.
909 1943 950 1952 -

370 2007 389 2089 ξ
410 2005 453 2070 26
474 1993 532 2086 ,ὃν
553 1999 679 2092 τρόπον
700 2003 756 2069 καὶ
777 2003 816 2070 τὸ
839 2002 989 2092 δίχορδον
1007 1999 1212 2094 :acceptor
1236 2008 1285 2075 De
1300 2009 1364 2078 hac

284 2130 321 2177 re
340 2111 428 2192 apud
450 2107 530 2174 alios
552 2109 725 2190 scriptores
748 2108 826 2173 nihil
850 2109 922 2188 legi.
944 2145 987 2155 -

371 2215 390 2296 ᾗ
412 2212 453 2276 27
476 2205 716 2297 ,Καρχηδόνιοι
737 2209 798 2294 γὰρ
822 2214 948 2295 πρῶτοι
963 2208 1096 2299 τετρήρη
1110 2209 1363 2295 κατεσκεύασαν,

286 2309 484 2400 ἒναοπίχησε
506 2311 543 2378 δὲ
565 2304 662 2400 αὐτὴν
675 2306 834 2399 Ἕσπερος
855 2306 1056 2394 αὐτόχθων.“
1093 2314 1171 2382 Pliu.
1194 2336 1223 2382 n.
1245 2318 1277 2382 h.
1300 2317 1365 2382 VH

285 2419 348 2484 207
371 2415 625 2498 „quadriremem
647 2414 837 2482 Aristoteles
860 2417 1140 2499 Carthaginienses
1163 2417 1295 2502 (primos
1316 2417 1362 2483 le·

286 2521 367 2588 cisse
389 2524 501 2584 auctor
522 2520 616 2598 est).“
649 2519 796 2602 Roseum,
825 2519 880 2602 qui
901 2519 1034 2586 Aristot.
1054 2521 1168 2601 pseud.
1191 2540 1221 2602 p.
1243 2521 1310 2587 534
1330 2525 1366 2586 et

286 2623 373 2705 apud
395 2621 493 2688 Olern.
516 2627 549 2687 et
578 2624 664 2703 apud
686 2621 766 2687 Plin.
789 2641 846 2704 pro
869 2618 1107 2709 Καρχηδονίοις
1134 2623 1367 2707 intellegendos

287 2743 357 2794 esse
379 2724 541 2792 contendit
562 2720 815 2809 Χαλκηδονίους,
837 2724 1055 2792 Eichholtzius
1076 2745 1108 2807 p.
1122 2726 1165 2791 26
1188 2727 1366 2794 rectissime

287 2828 414 2894 refellit.
453 2826 515 2894 Sed
538 2827 569 2892 in
586 2822 765 2912 Βοσπόρου
788 2827 920 2905 nomine,
943 2828 1027 2910 quod
1044 2828 1193 2906 traditur,
1216 2830 1365 2896 mendum

287 2932 390 2999 latere
412 2930 550 3009 uidetur,
571 2930 720 3011 quoniam
742 2929 808 2996 tale
830 2931 967 2995 hominis
989 2950 1101 2996 nomen
1124 2949 1224 3015 neque
1246 2931 1368 3012 legitur
1504 2944 1506 2948 ’

287 3051 422 3114 usquam
445 3050 545 3113 neque
567 3051 625 3114 per
647 3051 680 3099 se
694 3031 859 3114 probabile
881 3037 938 3099 ost
981 3033 1094 3116 ltaque
1113 3034 1270 3116 Bergkius
1285 3033 1367 3117 (uid.

288 3135 506 3212 Eichholtn.1)
529 3155 560 3218 p.
582 3137 639 3219 27)
669 3135 889 3216 corrigendum
920 3154 988 3200 esse
1020 3137 1142 3202 censuit
1174 3130 1367 3221 Βασταρος,

290 3255 402 3303 nomen
418 3236 688 3318 carthaginiense.
721 3237 856 3320 Propius
871 3242 977 3303 autem
992 3238 1034 3302 ad
1049 3239 1218 3305 ueritatem
1236 3239 1365 3305 Wachs-

290 3339 448 3409 muthium
471 3341 641 3405 accessisse
669 3340 808 3405 arbitror
822 3334 989 3425 Ἕσπερον
1011 3341 1209 3407 scribentem.
1254 3342 1366 3424 Libyci

290 3443 374 3508 enim
388 3441 555 3522 indigenae
571 3460 682 3508 nomen
693 3434 894 3520 αὐτόχθονος
909 3461 985 3509 uoce
1000 3442 1112 3508 addita
1127 3443 1262 3510 indicari
1277 3445 1365 3509 uide·

289 3553 354 3628 tur,
376 3544 556 3626 Hesperum
579 3561 654 3609 uero
676 3545 732 3610 alii
753 3543 871 3624 filium,
899 3545 954 3610 alii
976 3543 1109 3611 fratrem
1130 3545 1229 3612 fuisse
1253 3547 1367 3612 Atlan-

291 3703 496 3712 ——-——

381 3788 411 3869 l)
435 3787 685 3849 Violentissimam
716 3793 813 3846 autem
845 3792 875 3847 et
903 3787 991 3864 plane
1020 3789 1256 3864 improbabilem,
1279 3806 1367 3866 quam

292 3874 500 3934 Eiohlroltzius
522 3874 585 3949 ipse
608 3893 636 3950 p.
661 3878 701 3932 26
723 3874 888 3949 proposuit,
911 3875 1110 3935 coniecturam
1132 3894 1170 3933 ne
1193 3891 1369 3932 commemo·

292 3960 353 4018 rari
375 3961 494 4039 quidem
516 3979 590 4037 opus
612 3964 666 4033 est,
689 3959 759 4038 quia
780 3959 846 4036 ipse
868 3960 896 4017 ei
919 3960 1046 4020 confisus
1068 3980 1129 4019 non
1152 3966 1204 4018 est
